1486 2359
426 143 614 182 PLINY:
667 145 929 182 NATURAL
967 144 1202 182 HISTORY

184 252 203 281 3
222 261 310 284 cum
327 248 340 270 ¹
360 254 497 284 tamen
517 248 675 284 obiecta
694 247 835 284 Crasso
853 261 923 284 sua
942 254 1015 284 est.
1071 247 1399 284 nobilissimarum

181 741 200 769 4

180 1231 199 1258 C!

180 1717 199 1747 6

223 320 403 366 gentium
453 317 569 353 ambo
617 330 825 353 censuram
875 324 962 367 post
1011 316 1238 354 consulatus
1286 316 1399 354 simul

221 400 381 436 gessere
400 400 503 422 anno
519 387 705 423 conditae
725 387 829 423 urbi<
849 399 977 423 nchn
996 386 1249 436 frequentem
1268 389 1400 436 iurgiis

222 463 385 505 propter
399 456 760 493 dissimilitudinem
775 470 942 493 morum.
998 463 1083 493 tum
1099 456 1169 493 Cn.
1186 456 1400 499 Domitius,

223 532 262 562 ut
293 532 378 562 erat
411 525 624 562 vehemens
654 532 809 569 natura,
838 532 1051 575 praeterea
1080 539 1269 563 accensus
1297 525 1400 569 odio,

220 596 324 644 quod
353 609 400 631 ex
429 595 696 632 aemulatione
725 595 990 632 acidissimum
1008 596 1023 618 ²
1047 602 1122 639 est,
1148 598 1323 645 graviter
1344 598 1399 632 in-

219 668 370 714 crepuit
393 667 493 701 tanti
511 678 715 702 censorem
734 664 930 709 habitare,
952 670 978 702 ii
999 677 1046 701 Hs
1068 678 1138 714 pro
1165 665 1288 701 domo
1317 668 1399 701 eius

220 734 439 771 identidem
453 738 690 784 promittens
704 747 712 777 ;
739 741 778 771 et
793 734 968 778 Crassus,
982 741 1025 771 ut
1038 747 1227 784 praesens
1239 737 1399 785 ingenio

219 818 376 853 semper
411 803 482 840 et³
518 804 651 841 faceto
687 804 821 853 lepore
857 804 1007 847 sollers,
1042 803 1229 841 addicere
1264 817 1306 841 se
1341 817 1398 840 re-

218 874 375 923 spondit
403 877 583 923 exceptis
611 887 680 911 sex
709 874 925 910 arboribus.
981 887 1026 910 ac
1054 887 1103 911 ne
1131 887 1210 911 uno
1237 873 1398 924 quidem

218 943 380 980 denario
417 946 445 979 si
484 943 756 980 adimerentur
793 950 970 993 emptam
1016 943 1174 981 volente
1222 943 1399 981 Domitio

218 1013 379 1050 Crassus
403 1013 410 1024 ‘
433 1013 631 1050 Utrumne
660 1016 780 1063 igitur
808 1027 882 1063 ego
903 1013 1018 1057 sum(
1046 1016 1187 1063 inquit,
1209 1013 1217 1026 ‘
1237 1026 1399 1064 quaeso,

219 1083 384 1125 Domiti,
397 1083 582 1132 exemplo
601 1086 730 1133 graw's
753 1088 794 1119 et
810 1085 894 1132 ipsa
913 1096 1001 1119 mea
1019 1096 1185 1119 censura
1202 1082 1398 1120 notandus

217 1155 282 1203 qui
323 1152 442 1189 domo
481 1166 584 1202 quae
623 1151 714 1189 mihi
761 1152 988 1189 hereditate
1028 1153 1192 1190 obvenit
1230 1155 1400 1190 comiter

217 1221 409 1266 habitem,
433 1236 482 1259 an
510 1228 552 1259 tu
581 1225 645 1272 qui
677 1236 744 1259 sex
777 1223 935 1259 arbores
968 1228 996 1260 ᾗ
1027 1222 1242 1259 aestimes?
1261 1221 1270 1234 ’
1322 1221 1397 1260 hae

219 1292 329 1329 suere
378 1292 484 1329 lotoe
533 1292 669 1341 patula
718 1305 915 1328 ramorum
965 1295 1168 1342 opacitate
1216 1291 1398 1337 lascivae,

217 1363 387 1399 Caecina
418 1362 548 1412 Largo
577 1376 598 1398 e
629 1362 856 1411 proceribus
885 1362 1025 1398 crebro
1064 1365 1227 1398 iuventa
1265 1368 1397 1400 nostra

217 1445 284 1468 eas
317 1434 356 1468 in
390 1431 509 1468 domo
542 1445 612 1468 sua
646 1437 894 1474 ostentante,
927 1431 1267 1481 duraveruntque,
1301 1444 1396 1482 quo-

218 1504 321 1538 niam
351 1507 393 1538 et
422 1501 472 1538 de
502 1500 728 1551 longissimo
766 1515 864 1537 aevo
902 1501 1085 1538 arborum
1124 1501 1309 1546 diximus,
1347 1501 1396 1539 ad

218 1571 384 1608 Neronis
414 1573 598 1620 principis
629 1570 812 1608 incendia
844 1570 1002 1621 [quibus
1033 1573 1225 1608 cremavit
1257 1571 1396 1609 urbem

217 1643 327 1677 annis
352 1642 509 1690 postea]
525 1640 541 1663 ⁴
565 1641 673 1677 cultu
700 1640 843 1677 virides
869 1643 1126 1690 iuvenesque,
1152 1643 1190 1677 ni
1215 1643 1396 1691 princeps

217 1710 281 1747 ille.
323 1710 591 1747 adcelerasset
634 1713 755 1747 etiam
797 1710 979 1746 arborum
1022 1717 1206 1747 mortem.
1260 1724 1306 1747 ac
1346 1724 1396 1748 ne

217 1783 302 1830 quis
332 1779 448 1817 vilem
477 1780 528 1817 de
557 1786 695 1817 cetero
724 1779 850 1816 Crassi
881 1780 1042 1816 domum
1074 1779 1247 1829 nihilque
1277 1783 1316 1816 in
1346 1794 1393 1818 ea

275 1884 287 1904 ¹
312 1886 412 1915 tum?
438 1884 600 1924 Alayhtsff.

276 1926 289 1946 ¹
311 1927 538 1958 acidissimuin
551 1930 564 1957 ἰ
592 1926 763 1967 thyhoff:
789 1926 1021 1957 avidissimum
1039 1930 1095 1957 au!
1111 1925 1344 1959 nudissimum.

276 1969 289 1988 ³
314 1969 477 2000 Beck-Imm
496 1970 583 2004 (ita'r
609 1970 868 2010 ll'arminqlon):
894 1975 942 2001 ut.

277 2015 287 2031 ⁸
313 2014 392 2044 Serl.
411 2012 581 2053 Dellesnen.

213 2086 236 2119 4
