1486 2359
127 572 187 603 174

130 1476 189 1507 176

425 143 614 181 PLINY:
657 144 921 182 NATURAL
958 144 1196 182 HISTORY

215 260 354 284 semen
388 249 568 296 protinus
602 249 768 283 iniciunt
800 252 1011 296 cratesque
1045 246 1233 284 dentatas
1266 261 1402 297 super-

214 311 393 348 trahunt.
449 324 522 348 nec
562 310 747 347 sarienda
787 316 880 347 sunt
920 309 993 348 hoc
1033 311 1152 348 modo
1191 317 1293 355 sata,
1332 312 1401 348 sed

215 375 376 425 protelis
407 375 508 412 binis
539 377 745 425 ternisque
776 377 830 411 sic
862 381 991 412 arant.
1048 389 1126 412 uno
1157 375 1278 413 boum
1310 378 1402 427 iugo

213 442 365 476 censeri
393 452 496 476 anno
523 438 649 476 facilis
676 438 746 476 soli
775 439 1036 490 quadragena
1063 442 1214 490 iugera,
1240 440 1402 478 difficilis

216 507 368 541 tricena
388 506 537 540 iustum
558 509 632 540 est.

266 567 414 605 XLIX.
445 568 491 604 In
547 568 696 605 arando
751 581 995 618 magnopere
1051 569 1288 606 servandum
1343 576 1401 606 est

215 633 378 670 Catonis
409 632 637 670 oraculum:
683 631 691 644 ⁴
711 631 819 678 Quid
851 638 911 669 est
943 633 1046 669 bene
1078 646 1217 683 agrum
1247 633 1403 671 colere?

215 697 318 733 bene
332 710 456 734 arare.
501 696 596 747 quid
612 696 861 734 secundum?
910 697 1054 734 arare.¹
1103 697 1402 748 quidtertium?

215 760 462 798 stercorare.’
510 767 518 782 ‘
535 761 643 798 sulco
665 761 786 798 vai-0²
810 774 860 799 ne
882 775 981 798 ares.
1033 765 1274 811 tempestive
1290 761 1403 800 ares.'

215 826 491 876 'l‘epidioribus
523 825 617 863 locis
651 838 673 862 a
705 826 847 862 bruma
879 826 1075 875 proscindi
1107 840 1200 863 arva
1231 832 1404 876 oportet,

219 890 484 941 frigidioribus
509 890 558 927 ab
583 892 837 940 aequinoctio
861 904 996 934 verno,
1019 896 1062 927 et.
1085 893 1279 928 maturius
1303 894 1404 928 sicca

221 958 381 1004 regione
417 968 536 1005 quam
573 954 722 998 umida,
757 957 950 991 maturius
985 954 1109 992 densa
1143 961 1250 992 terra
1284 969 1402 1006 quam

174 1033 177 1039 ’
216 1020 359 1063 soluta,
393 1022 530 1070 pingui
567 1032 686 1070 quam
722 1032 868 1057 macra.
923 1019 990 1056 ubi
1028 1022 1154 1056 siccae
1190 1025 1230 1056 et
1265 1034 1404 1071 graves

217 1090 408 1128 aestates,
450 1089 558 1120 terra
600 1089 756 1120 cretosa
799 1089 869 1120 aut
911 1083 1082 1134 gracilis,
1125 1083 1258 1122 utilius
1302 1087 1405 1122 inter

216 1148 430 1185 solstitium
452 1154 493 1185 et
515 1150 697 1184 autumni
718 1151 1017 1198 aequinoctium
1039 1155 1190 1193 aratur,
1211 1149 1278 1186 ubi
1299 1148 1404 1186 leves

216 1219 365 1257 aestus,
378 1212 610 1263 frequentes
623 1213 783 1257 imbres,
796 1215 944 1263 pingue
958 1212 1251 1263 herbosumque
1265 1213 1406 1257 solum,

218 1277 270 1313 ibi
304 1277 443 1314 mediis
475 1277 682 1314 caloribus.
739 1277 865 1313 altum
899 1283 939 1314 et
971 1290 1092 1327 grave
1124 1277 1249 1314 solum
1283 1280 1403 1314 etiam

217 1341 348 1379 hieme
379 1344 526 1379 moveri
557 1341 705 1392 placet,
734 1347 857 1378 tenue
888 1341 1003 1379 valde
1033 1347 1075 1379 et
1104 1341 1257 1379 aridum
1288 1342 1405 1392 paulo

219 1412 313 1443 ante
332 1409 545 1444 sationem.

266 1470 368 1508 Sunt
400 1477 441 1508 et
486 1470 606 1508 huic³
639 1484 735 1508 suae
779 1470 912 1521 leges:
969 1470 1139 1508 lutosam
1171 1477 1320 1508 terram
1355 1485 1403 1508 ne

217 1538 387 1585 tangito.
444 1538 480 1572 vi
509 1537 615 1572 omni
646 1541 771 1572 arato.
828 1538 934 1585 prius
964 1549 1084 1585 quam
1114 1549 1201 1573 ares
1235 1538 1404 1586 proscin-

217 1599 315 1636 dito.
385 1598 457 1637 hoc
493 1599 710 1636 utilitatem
745 1598 869 1637 habet
904 1599 1010 1650 quod
1043 1602 1197 1637 inverso
1228 1602 1404 1650 caespite

218 1663 431 1701 herbarum
483 1664 634 1701 radices
688 1670 893 1701 necantur.
950 1664 1112 1714 quidam
1165 1666 1303 1715 utique
1355 1664 1405 1701 ab

219 1731 472 1778 aequinoctio
490 1742 610 1765 verno
629 1728 825 1778 proscindi
844 1728 992 1766 volunt.
1049 1728 1154 1779 quod
1174 1742 1263 1766 vere
1281 1728 1404 1766 semel

220 1799 377 1830 aratum
395 1799 456 1830 est
472 1806 495 1829 a
510 1795 702 1842 temporis
719 1799 958 1843 argumento
974 1799 1204 1830 vervactum
1222 1798 1405 1836 vocatum

367 1911 376 1929 ¹
401 1921 497 1943 arare
513 1911 588 1943 add.
606 1910 716 1951 Silliq.

366 1955 377 1972 ²
403 1965 485 1986 varo
501 1953 571 1986 coll.
592 1955 607 1994 §
625 1955 685 1986 179
701 1954 887 1986 Rackham:
915 1953 1008 1985 vario
1023 1954 1085 1992 (sic
1102 1958 1129 1987 el
1147 1954 1254 1993 Calo).

365 1998 376 2014 ³
403 1998 577 2038 Jſtrryhoss:
604 1997 667 2029 hic.

220 2071 288 2116 298
