1486 2359
131 538 186 570 151

134 858 193 890 152

137 1180 194 1210 153

422 162 609 199 PLINY:
654 162 916 199 NATURAL
953 159 1188 199 HISTORY

217 269 428 316 quicquam
466 271 607 315 postea
644 271 890 315 temptatum
930 265 1063 302 utilius
1100 269 1285 316 apparuit
1323 269 1395 303 nisi

217 320 322 370 quod
340 322 442 356 circa
460 319 512 356 id.
534 319 628 355 Feb.
648 318 806 355 defosso
823 321 975 356 semine
993 322 1207 356 acervatim
1226 320 1397 370 parvulis

217 373 418 409 scrobibus
442 378 594 416 serunt,
617 372 830 422 plurimum
854 378 1098 410 maceratum
1124 373 1238 417 {im03
1274 373 1366 410 dein
1384 373 1397 397 ¹

219 429 330 463 nexis
357 429 462 463 inter
487 439 529 463 se
553 426 750 463 radicibus
773 438 970 475 spongeas
993 426 1121 463 factas
1147 433 1238 476 post
1264 429 1398 477 aequi-

220 482 394 516 noctium
415 482 597 516 autumni
617 479 832 529 disponunt
862 480 1068 529 pedalibus
1089 480 1304 517 intervallis
1324 480 1400 517 fer-

218 533 366 570 tilitate
396 535 435 569 in
463 533 586 570 denos
613 546 735 569 annos
755 532 938 570 durante.
994 533 1144 570 nullum
1163 537 1315 584 gratius
1341 533 1400 571 his

219 587 345 623 solum
387 599 506 636 quam
549 586 841 623 Ravennatium
884 585 1087 623 hortorum
1128 587 1399 624 indicavimus.

219 639 586 677 corrudam—hunc
622 642 727 676 enim
763 639 954 690 intellego
988 640 1208 677 silvestrem
1244 654 1402 690 aspara-

220 707 330 743 gum,
363 706 483 743 quem
517 693 659 730 Graeci
703 695 850 741 ὄρμινον
894 699 963 730 aut
1004 696 1213 742 μυάκανθον
1257 700 1401 731 vocant

221 747 386 796 aliisque
410 747 844 784 nominibus—invenio
867 749 973 784 nasci
997 753 1039 784 et
1063 750 1197 785 arietis
1219 748 1402 785 cornibus

221 803 347 837 tunsis
368 806 490 850 atque
509 800 687 837 defossis.

272 853 422 890 XLIII.
456 853 647 890 Poterant
666 853 789 890 videri
809 853 917 890 dicta
935 856 1067 890 omnia
1088 866 1191 904 quae
1215 857 1254 890 in
1274 857 1403 904 pretio

221 913 329 950 sunt,
348 910 387 943 ni
408 913 579 944 restaret
593 919 654 944 res
675 909 836 943 maximi
852 913 1042 957 quaestus
1063 921 1139 944 non
1153 909 1238 945 sine
1251 907 1403 957 pudore

221 961 404 997 dicenda.
459 966 613 997 certum
644 966 704 997 esi*
734 963 881 1010 quippe
906 961 1072 997 carduos
1101 961 1207 1011 apud
1236 960 1404 998 Cartha-

221 1017 357 1064 ginem
382 1027 570 1063 magnam
597 1013 904 1064 Cordubamque
933 1017 1147 1064 praecipue
1172 1018 1402 1052 sestertium

223 1081 318 1104 sena
337 1068 444 1104 milia
466 1081 487 1104 e
507 1070 636 1117 parvis
656 1067 824 1104 reddere
851 1067 984 1112 areis?
1003 1071 1189 1117 quoniam
1217 1074 1404 1118 portenta

223 1134 382 1171 quoque
419 1127 615 1158 terrarum
651 1124 689 1157 in
718 1133 892 1171 ganeam
924 1124 1128 1165 vertimus,
1157 1125 1403 1172 serimusque

223 1177 346 1211 etiam
359 1188 405 1211 ea
417 1188 521 1224 quae
533 1174 737 1225 refugiunt
747 1181 916 1211 cunctae
927 1175 1205 1225 quadripedes.
1237 1176 1405 1213 carduos

224 1241 319 1278 ergo
339 1228 493 1265 duobus
522 1228 662 1270 modis,
683 1234 876 1265 autumno
901 1228 1039 1278 planta
1067 1235 1109 1265 et
1134 1232 1286 1266 semine
1309 1235 1405 1266 ante

224 1294 348 1318 nonas
382 1281 566 1324 Martias,
590 1281 833 1331 plantaeque
863 1294 912 1318 ex
943 1295 990 1318 eo
1019 1282 1283 1331 disponuntur
1309 1289 1405 1320 ante

225 1335 277 1372 id.
294 1335 486 1371 Novemb.
505 1341 574 1372 aut
593 1338 632 1371 in
649 1335 742 1371 locis
759 1335 910 1383 frigidis
923 1338 1024 1371 circa
1038 1335 1252 1373 favonium.
1305 1342 1406 1373 ster·

223 1395 410 1425 corantur
430 1391 567 1432 etiam,
587 1391 617 1425 si
641 1388 700 1425 dis
721 1387 886 1438 placet‚³
909 1389 1134 1439 laetiusque
1155 1392 1405 1439 proveniunt.

223 1442 463 1479 condiuntur
487 1455 646 1492 quoque
671 1448 787 1479 aceto
812 1441 929 1479 melle
953 1442 1081 1479 diluto
1105 1443 1243 1480 addita
1268 1442 1407 1480 laseris

224 1496 356 1532 radice
376 1502 416 1532 et
434 1495 623 1538 cumino‚⁴¹
646 1508 695 1532 ne
713 1498 799 1546 quis
817 1496 901 1532 dies
919 1498 1002 1533 sine
1019 1496 1167 1533 carduo
1183 1499 1246 1534 sit.

279 1598 287 1616 ¹
313 1597 491 1635 (biennio)
513 1597 589 1628 dein
616 1597 652 1628 (Ι.
677 1597 718 1628 F.
750 1597 794 1628 W.
820 1597 962 1629 Mueller
985 1601 1128 1637 (serunt,
1148 1608 1208 1639 per
1232 1598 1404 1630 biennium

231 1646 405 1672 macerant
423 1640 528 1672 fimo?
561 1640 632 1671 coll.
651 1640 804 1672 Palladio
822 1641 1000 1682 Mayhoff).

276 1684 288 1703 ²
312 1683 521 1715 Salmasius:
547 1684 604 1714 eis.

274 1726 288 1746 ¹
311 1725 467 1768 displicet
483 1725 531 1757 cd.
559 1727 626 1757 rat.
645 1725 717 1757 Lat.
735 1726 831 1757 3861.

277 1769 290 1789 ⁴
313 1771 342 1801 E
359 1769 506 1806 Garm'lio
524 1769 695 1810 Mayhoff:
720 1769 846 1800 cumini
861 1770 1013 1808 (cumina
1027 1769 1076 1801 od.
1091 1769 1170 1801 Par.
1185 1768 1257 1801 Lat.
1275 1770 1406 1808 10:318).

261 1961 275 1975 ⁶
298 1956 380 1987 This
402 1957 429 1987 is
450 1956 510 1987 the
531 1955 692 1993 cnrdoon,
714 1960 775 1987 out
797 1955 835 1987 of
854 1955 963 1987 which
987 1955 1045 1987 the
1068 1955 1207 1987 modern
1229 1954 1409 1986 artichoke

218 1999 279 2030 lias
298 1999 380 2029 bct-n
399 1997 599 2039 developed.

263 2042 275 2060 ⁶
299 2041 370 2072 The
388 2041 514 2072 middle
531 2041 570 2072 os
583 2042 710 2082 spring.

217 2104 287 2150 518
