1486 2359
104 551 164 582 155

105 926 166 957 156

106 1409 164 1438 157

395 175 561 212 PLINY
579 189 587 212 z
635 174 899 213 NATURAL
937 174 1173 213 HISTORY

190 277 453 321 habentilms;
493 291 514 314 e
538 277 691 315 diverso
714 284 853 315 carent
877 291 925 315 ea
949 284 1113 315 ventosa
1137 284 1180 316 et
1203 278 1371 316 excelsa.

190 335 295 368 inter
330 335 424 368 vitia
460 337 644 381 segetum
680 337 722 368 et
757 331 912 368 luxuria
948 338 1023 376 est,
1056 345 1147 369 cum
1182 338 1372 369 oneratae

191 385 401 422 fertilitate
439 386 718 434 procumbunt.
774 398 985 422 commune
1023 391 1159 422 autem
1196 388 1371 423 omnium

190 445 366 475 satorum
387 441 526 475 vitium
542 442 688 482 uticae,
704 441 827 475 etiarn
847 441 982 476 ciceris
1001 452 1092 476 cum
1106 438 1371 490 salsilaginem

189 495 272 528 eius
291 492 490 529 abluendo
508 493 635 529 imber
652 492 803 529 dulcius
821 492 862 529 id
878 491 987 529 facit.

243 545 314 582 Est
350 545 472 582 herba
509 558 612 596 quae
647 549 750 583 cicer
784 552 926 583 enecat
962 551 1005 582 et
1040 558 1175 583 ervum
1210 549 1373 583 circum-

193 599 352 649 ligando
381 613 438 642 se,
469 605 632 636 vocatur
660 598 906 643 orobanche3
949 602 1082 636 tritico
1110 599 1226 636 simili
1254 599 1373 637 modo

191 666 298 695 aera,
335 652 483 690 hordeo
519 652 673 690 festuca
710 666 814 703 quae
851 659 1014 690 vocatur
1049 653 1239 703 aegilopa,
1275 653 1372 691 lenti

191 706 315 743 herba
369 706 602 744 securiclata
671 720 789 757 quam
845 706 986 744 Graeci
1041 720 1062 743 a
1116 706 1372 744 similitudine

192 760 414 809 pelecinum
446 767 611 803 vocant3
656 766 697 797 et
727 759 804 798 hae
833 760 1028 810 conplexu
1059 767 1217 798 necant.
1271 763 1372 797 circa

191 813 390 863 Philippos
417 820 640 851 ateramum
662 817 869 851 nominant
890 817 929 851 in
949 817 1086 865 pingui
1106 814 1188 852 solo
1208 813 1371 851 herbam

194 881 270 917 qua
290 867 382 904 faba
404 874 583 912 necatur,
602 874 801 905 teramum
822 881 900 918 qua
920 870 959 904 in
979 881 1125 912 macro,
1143 881 1233 905 cuni
1255 868 1371 905 udam

192 922 352 971 quidam
394 927 535 958 ventus
574 921 748 958 adflavit.
804 935 921 958 aerae
959 935 1127 972 granum
1166 924 1371 959 minimum

194 981 253 1012 est
279 978 317 1011 in
342 978 488 1012 cortice
513 975 708 1012 aculeato,
763 989 852 1012 cum
878 981 939 1012 est
964 978 1004 1012 in
1028 987 1146 1025 pane,
1169 975 1373 1012 celerrime

193 1031 407 1075 vertigines
441 1029 551 1073 facit,
585 1032 778 1079 aiuntque
811 1031 850 1065 in
885 1030 981 1066 Asia
1015 1035 1058 1066 et
1091 1028 1259 1066 Graecia
1291 1029 1374 1066 bal-

194 1089 392 1125 neatores,
421 1097 509 1119 cum
540 1083 662 1120 velint
690 1083 850 1119 turbam
881 1082 1042 1133 pellere,
1069 1083 1305 1120 carbonibus
1333 1083 1372 1120 id

193 1150 328 1173 semen
377 1139 534 1173 inicere.
590 1139 764 1173 nascitur
809 1142 849 1173 et
896 1136 1136 1186 phalangion
1183 1139 1222 1173 in
1269 1149 1374 1180 ervo,

193 1190 362 1227 bestiola
385 1193 517 1227 aranei
539 1193 710 1239 generis,
731 1193 761 1227 si
782 1189 908 1227 hiems
929 1203 1076 1240 aquosa
1097 1193 1160 1227 sit.
1215 1189 1374 1227 limaces

194 1250 409 1281 nascuntur
448 1247 486 1281 in
527 1247 639 1287 vicia,
679 1250 721 1281 et
761 1243 973 1294 aliquando
1013 1257 1034 1281 e
1072 1249 1178 1280 terra
1217 1243 1374 1281 cocleae

193 1301 372 1335 minutae
419 1301 561 1334 mirum
609 1301 647 1335 in
695 1297 857 1335 modum
905 1297 1116 1335 erodentes
1164 1298 1372 1335 eam.—Et

193 1352 317 1388 morbi
337 1351 496 1402 quidem
517 1351 600 1388 fere
619 1350 658 1388 hi
677 1357 781 1388 sunt.

244 1405 367 1442 XLV.
397 1405 590 1442 Remedia
619 1418 753 1443 eorum
786 1417 1062 1455 quaecumque
1092 1407 1295 1454 pertinent
1323 1404 1374 1442 ad

195 1458 336 1495 herhas
353 1462 391 1495 in
407 1459 559 1496 sarculo
575 1464 631 1503 et,
646 1472 734 1496 cum
752 1472 889 1496 semen
905 1461 1092 1502 iactatur,
1107 1461 1260 1502 cinere3
1277 1461 1342 1509 qui
1360 1459 1373 1482 ¹

196 1525 287 1549 vero
323 1515 361 1549 in
397 1515 549 1550 semine
585 1519 627 1549 et
661 1515 762 1550 circa
799 1512 970 1550 radicem
1007 1515 1228 1549 consistunt
1263 1525 1374 1563 prae-

619 1599 628 1617 ¹
653 1598 785 1630 Racklea
792 1609 822 1628 m
837 1611 844 1629 :
871 1608 968 1639 quae.

233 1717 247 1730 ⁰
272 1715 280 1727 ‘
294 1710 611 1752 vach-strangam)
658 1712 729 1743 Not
751 1711 809 1742 the
831 1711 972 1742 modern
994 1710 1177 1742 botanists'
1199 1710 1375 1743 orobanche

197 1765 234 1786 or
250 1754 469 1795 broom—rape
486 1754 550 1786 but
566 1754 683 1795 plants
699 1754 781 1785 such
799 1764 836 1784 as
853 1753 983 1786 dodder
997 1753 1067 1785 and
1086 1753 1273 1785 bindweed.

238 1796 249 1815 ‘³
274 1803 281 1814 ‘
295 1797 472 1839 Aegilops’
508 1799 535 1828 is
570 1797 727 1838 AquIope
765 1801 878 1834 ουαιας
924 1797 1110 1839 axla-grass
1144 1798 1170 1828 is
1201 1796 1376 1829 axe-weed

198 1840 399 1881 (Securiqera
432 1840 618 1877 coronula),
651 1851 688 1871 or
718 1840 865 1881 perhaps
896 1840 1059 1882 climbing
1085 1840 1266 1881 per-sicaria
1291 1849 1330 1871 or
1355 1850 1376 1871 a

199 1884 394 1920 bindweed;
422 1884 483 1915 but
500 1883 702 1915 axe-leaved
719 1885 746 1914 is
763 1894 882 1923 vague.

234 1932 245 1944 ‘
270 1927 351 1958 This
368 1938 480 1959 comes
497 1927 583 1958 from
600 1927 858 1968 Theophrastus
874 1927 922 1958 De
937 1925 1049 1958 causis
1066 1926 1124 1957 IV.
1143 1927 1184 1958 14
1200 1925 1276 1958 who
1294 1925 1376 1968 only

192 1981 270 2011 says
287 1970 365 2002 that
388 1975 426 2002 at
451 1970 597 2011 Philippi
615 1981 635 2001 a
659 1969 734 2001 cold
752 1969 841 2001 wind
866 1969 983 2000 makes
1005 1969 1064 2000 the
1087 1969 1174 2000 bean
1195 1968 1376 2010 ἀτεράμων.

193 2013 275 2044 hurd
299 2013 366 2044 and
388 2013 533 2045 difficult
554 2018 590 2045 to
613 2012 708 2045 cook.
756 2013 858 2044 From
880 2012 949 2044 this
970 2012 1141 2053 adjective
1163 2011 1263 2054 Pliny
1283 2012 1376 2044 coins

191 2061 258 2087 two
279 2066 402 2097 proper
420 2066 549 2088 nameS.

193 2109 263 2145 286
