1486 2359
98 339 160 370 216

100 701 161 732 217

399 159 482 196 PLI
492 160 564 196 ΝΥ
580 174 587 197 ;
632 160 855 197 NATURA
863 161 893 196 L
932 161 1166 198 HISTORY

187 277 276 300 cum
296 263 420 306 Ionia,
435 265 572 300 Asiam
589 269 629 301 et
647 263 792 300 insulas
808 264 944 308 Asiae,
958 278 1047 301 cum
1065 264 1373 315 Peloponnesus,

189 335 381 372 Achaiam
399 342 438 372 et
457 336 506 373 ad
520 349 727 386 vesperam
743 336 996 373 adiacentesl
1010 343 1136 374 terras
1150 349 1158 380 3
1183 336 1373 375 Chaldaei

188 409 391 458 Assyriam
421 414 463 445 et
491 408 751 459 Babyloniam
780 409 1126 446 demonstrabunt.
1182 409 1373 454 Africam,

188 480 414 529 Hispanias,
436 480 585 517 Gallias
606 480 709 517 sileri
731 494 810 517 non
831 484 906 518 erit
927 485 1094 525 mirum;
1129 495 1247 519 nerno
1268 485 1371 520 enim

189 566 256 589 eas
270 552 284 575 ²
305 553 527 589 observavit
548 566 596 589 ex
616 556 660 589 iis
682 556 748 603 qui
769 553 983 603 proderent
1004 554 1177 591 siderum
1200 560 1372 592 exortus.

188 638 265 661 non
286 631 424 661 tamen
445 625 589 662 difficili
611 628 765 662 ratione
787 626 1043 663 dinoscentur
1063 629 1102 663 in
1123 626 1196 664 illis
1217 640 1374 677 quoque

191 701 304 733 terris
327 698 551 748 digestione
575 697 807 735 circulorum
832 712 951 748 quam
976 701 1015 735 in
1039 705 1154 736 sexto
1177 699 1374 736 volumine

190 770 369 815 fecimus,
389 784 467 821 qua
484 773 671 821 cognatio
689 771 787 807 caeli
807 785 885 808 non
902 774 1084 821 gentium
1103 772 1221 809 modo
1239 785 1373 810 verum

189 843 344 879 urbium
372 857 530 894 quoque
557 843 801 893 singularum
829 844 1087 894 intellegitur.
1144 858 1239 895 ergo
1260 858 1309 882 ex
1330 847 1374 881 iis

190 918 306 952 terris
335 929 432 966 quas
460 919 748 953 nominavimus
776 922 935 966 sumpta
962 919 1217 954 convexitate
1244 917 1374 955 circuli

189 991 430 1038 pertinentis
446 989 497 1026 ad
513 1002 610 1038 quas
627 991 794 1039 quisque
811 995 979 1040 quaeret
995 995 1121 1026 terras
1138 990 1242 1027 idem
1260 996 1376 1027 erunt

189 1061 360 1098 siderum
377 1067 538 1098 exortus
551 1074 623 1110 per
635 1064 813 1099 omnium
827 1061 1060 1099 circulorum
1074 1075 1189 1112 pares
1204 1063 1374 1100 umbras.

189 1134 445 1170 indicandum
465 1140 505 1170 et
524 1133 634 1177 illud,
651 1140 918 1184 tempestates
937 1137 1040 1184 ipsas
1060 1135 1268 1172 cardines⁸
1287 1148 1376 1172 suos

189 1205 336 1243 habere
384 1206 586 1256 quadrinis
634 1210 761 1250 annis,
809 1213 849 1244 et
897 1207 1058 1244 easdem
1107 1221 1185 1244 non
1231 1221 1377 1258 magna

190 1278 414 1316 differentia
445 1282 589 1315 reverti
620 1282 775 1316 ratione
804 1279 909 1323 solis,
937 1283 1089 1317 octonis
1119 1293 1211 1317 vero
1240 1284 1376 1331 augeri

190 1351 352 1388 easdem
371 1354 589 1388 centesima
609 1351 838 1389 revolvente
858 1366 899 1389 se
919 1352 1024 1390 luna.

243 1424 390 1461 LVIII.
420 1424 560 1461 Omnis
596 1430 732 1461 autem
775 1427 877 1461 ratio
911 1425 1121 1462 observata
1156 1431 1217 1462 est
1251 1426 1377 1463 tribus

193 1497 333 1540 modis,
344 1503 484 1534 exortu
496 1497 669 1534 siderum
681 1511 901 1548 occasuque
912 1503 953 1534 et
965 1501 1139 1547 ipsorum
1148 1502 1376 1548 temporum

195 1569 444 1606 cardinibus:
476 1575 638 1607 exortus
668 1583 910 1620 occasusque
937 1571 1037 1607 binis
1067 1570 1193 1608 modis
1222 1570 1376 1608 intelle-

196 1649 358 1692 guntur,
379 1649 448 1679 aut
470 1646 574 1679 enim
596 1643 771 1679 adventu
793 1643 882 1680 solis
903 1643 1154 1680 occultantur
1173 1643 1314 1681 stellae
1335 1649 1377 1681 et

194 1718 364 1764 conspici
385 1715 586 1759 desinunt,
608 1722 675 1751 aut
700 1715 876 1752 ciusdem
900 1716 1084 1752 abscessu
1105 1715 1313 1765 proferunt
1332 1729 1375 1753 se

193 1787 253 1836 (ut
267 1787 281 1810 ‘¹
302 1801 496 1824 emersum
521 1787 593 1824 hoc
615 1787 756 1824 melius
778 1802 896 1838 quam
921 1794 1105 1825 exortum
1130 1787 1376 1826 consuetudo

375 1898 385 1916 ¹
412 1897 602 1928 Rnckham:
634 1899 792 1929 iacente&

373 1941 385 1959 ²
408 1940 575 1971 Rari-ham
592 1952 598 1971 :
624 1951 663 1971 ea
680 1940 728 1972 cd.
746 1940 836 1972 Leid.
853 1951 887 1972 n.
905 1941 986 1978 VII,
1002 1951 1045 1971 m.
1065 1942 1101 1972 2:
1127 1951 1190 1972 om.
1207 1940 1276 1973 rell.

374 1984 386 2002 ³
410 1983 610 2015 Pintianusz
639 1983 775 2015 ardores
792 1983 861 2015 edd.
879 1987 948 2015 vett.
965 1996 972 2015 :
997 1983 1144 2016 arborea.

375 2027 387 2045 ⁴
412 2031 450 2058 ut
468 2026 643 2067 Mayhoff:
668 2027 713 2059 in.

195 2089 265 2134 326
