1486 2359
412 138 607 176 PLINY:
658 138 922 176 NATURAL
958 137 1195 176 HISTORY

215 240 304 277 talis
334 240 417 277 fere
447 245 509 276 est
536 242 577 276 in
606 238 810 276 novalibus
838 251 957 276 caesa
986 244 1124 276 vetere
1153 238 1262 284 silva,
1289 251 1394 289 quae

149 317 191 346 40
216 323 410 347 consensu
438 309 633 346 laudatur.
689 314 731 345 et
757 311 797 344 in
824 307 1004 359 frugibus
1031 307 1195 358 quidem
1221 307 1394 346 ferendis

150 594 186 624 41

150 1359 190 1390 42

215 379 358 416 eadem
386 385 494 416 terra
523 378 654 415 utilior
681 377 930 427 intellegitur
957 380 1143 428 quotiens
1169 380 1395 415 intermissa

216 449 370 486 cultura
390 450 554 498 quievit,
570 447 676 497 quod
696 450 736 484 in
752 450 876 484 vineis
893 461 971 485 non
988 447 1054 491 fit3
1084 460 1213 498 eoque
1229 453 1291 485 est
1310 447 1395 485 dili-

215 521 375 569 gentius
403 517 603 568 eligenda,
631 531 680 554 ne
709 530 802 554 vera
829 520 978 554 existat
1005 519 1138 567 opinio
1164 530 1302 555 eorum
1327 520 1394 568 qui

217 591 294 625 iam
343 587 485 625 Italiae
534 593 682 624 terram
731 589 1010 624 existimavere
1057 587 1213 624 lassam.
1266 589 1395 638 operis

216 657 378 708 quidem
401 657 571 694 facultas
587 657 601 680 ¹
623 659 663 694 in
686 656 770 694 aliis
791 657 1007 707 generibus
1029 662 1187 694 constat
1208 662 1251 694 et
1271 656 1395 702 caelo,

217 741 289 764 nec
317 733 453 777 potest
482 729 584 763 arari
615 733 705 776 post
733 727 879 764 imbres
907 726 1052 776 aliqua,
1079 727 1274 765 ubertatis
1302 729 1396 765 vitio

217 797 462 834 lentescens:
498 802 638 833 contra
661 799 699 833 in
721 796 891 846 Byzacio
913 796 1073 834 Africae
1094 796 1204 834 illum
1224 802 1396 834 centena

215 869 499 917 quinquagena
540 865 655 917 fruge
697 865 871 903 fertilem
912 879 1098 916 campum
1139 865 1266 911 nullis,
1305 880 1394 904 cum

215 939 360 974 siccum
391 942 467 980 est,
497 936 689 973 arabilem
719 938 858 980 tauris,
887 942 977 985 post
1006 936 1152 973 imbres
1182 936 1246 973 vili
1274 936 1397 974 asello

216 1011 257 1043 et
277 1020 299 1042 a
319 1012 434 1056 parte
455 1005 582 1043 altera
602 1008 683 1055 iugi
703 1019 781 1042 anu
801 1019 1003 1043 vomerem
1022 1005 1210 1043 trahente
1229 1005 1396 1044 vidimus

215 1075 350 1113 scindi.
404 1081 551 1112 terram
594 1078 699 1112 enim
739 1081 846 1113 terra
885 1075 1158 1121 emendandi,⁸
1194 1081 1239 1114 ut
1276 1076 1395 1127 aliqui

216 1148 480 1195 praecipiunt,
504 1158 624 1195 super
647 1151 812 1182 tenuem
837 1148 972 1196 pingui
997 1148 1146 1183 iniecta
1169 1151 1239 1183 aut
1260 1146 1396 1197 gracili

215 1215 430 1265 bibulaque
452 1228 572 1265 super
588 1215 764 1252 umidam
786 1229 831 1252 ac
851 1218 1154 1266 praepinguem,
1169 1215 1368 1254 dementis
1381 1217 1399 1240 ³

215 1299 362 1335 operae
382 1291 465 1322 est:
499 1285 595 1335 quid
614 1291 751 1335 potest
770 1298 930 1335 sperare
949 1288 1016 1335 qui
1034 1285 1128 1323 colit
1146 1285 1297 1323 talem?

269 1355 336 1392 IV.
365 1355 455 1392 Alia
494 1361 556 1392 est
591 1357 707 1399 ratio,
743 1368 863 1405 quam
899 1355 1128 1392 Britanniae
1165 1362 1207 1393 et
1243 1355 1396 1394 Galliae

216 1428 416 1468 invenere,
441 1424 572 1462 alendi
607 1438 696 1462 eam
727 1427 825 1475 ipsa,
849 1438 1057 1476 genusque
1089 1425 1227 1476 quod⁴
1255 1432 1397 1464 vocant

217 1508 393 1544 margam
409 1508 417 1531 ε
444 1497 604 1544 spissior
617 1495 779 1532 ubertas
795 1497 834 1531 in
848 1508 896 1532 ea
912 1495 1165 1546 intellegitur
1180 1501 1222 1533 et
1235 1495 1396 1546 quidam

217 1570 348 1601 terrae
385 1564 524 1614 adipes
561 1578 606 1602 ac
644 1563 753 1602 velut
789 1564 952 1615 glandia
989 1567 1028 1601 in
1064 1565 1307 1615 corporibus,
1343 1566 1395 1603 ibi

215 1634 409 1671 densante
438 1647 481 1671 se
520 1634 807 1685 pinguitudinis
835 1634 987 1672 nucleo.
1052 1648 1129 1672 non
1159 1637 1325 1673 omisere
1355 1642 1397 1673 et

216 1703 289 1741 hoc
331 1703 622 1754 Graeci—quid
665 1707 770 1741 enim
811 1706 1098 1754 intemptatum
1140 1704 1241 1742 illis?
1293 1705 1393 1743 leuc·

266 1822 277 1841 ¹
301 1821 446 1853 facilitas
465 1822 627 1863 Mayhoff.

264 1865 276 1883 ²
299 1865 500 1896 emendandi
538 1865 694 1903 <ratio>2
739 1865 976 1906 Il'arminqton,
1014 1865 1070 1899 aed
1106 1866 1147 1907 cs.
1187 1865 1265 1898 Tac.
1305 1867 1394 1899 Anu.

222 1907 323 1939 XIII.
342 1910 392 1943 26,
411 1908 485 1939 XV.
502 1910 533 1939 5.

267 1951 279 1968 ³
303 1951 366 1982 Ian
386 1951 439 1990 (rs.
459 1950 504 1982 11.
522 1953 601 1988 85):
627 1951 810 1982 dementia.

265 1994 279 2013 ⁴
301 1994 448 2035 [quodji
475 1994 637 2034 BIayhoff.

217 2065 262 2100 28
