1486 2359
140 832 182 863 65

139 1259 181 1290 56

409 137 604 174 PLINY:
657 136 920 174 NATURAL
956 136 1194 174 HISTORY

208 241 334 288 ceptis
345 238 463 275 adicit
477 240 622 288 equino
637 237 742 288 quod
754 240 804 274 sit
819 237 1059 275 levissimum
1073 243 1232 289 segetes
1246 237 1392 283 alendi,

209 299 324 342 prata
348 306 439 329 vero
461 295 640 341 graviore
658 292 671 315 1
695 291 801 341 quod
825 304 874 328 ex
901 289 1050 327 hordeo
1073 291 1143 328 fiat
1164 290 1393 342 multasque

208 348 349 396 gignat
381 345 536 382 herbas,
591 345 754 395 quidam
787 347 910 382 etiam
942 343 1091 381 bubulo
1123 347 1392 382 iumentorum

209 399 442 449 praeferunt
472 398 712 449 ou'llumque
740 401 916 448 caprino,
943 398 1126 434 omuibus
1155 411 1248 435 vero
1276 400 1392 436 asini-

209 466 318 496 num,
339 455 526 503 quoniam
548 451 767 489 lentissime
788 451 1004 494 mandant;
1030 464 1052 488 e
1075 454 1272 489 contrario
1298 465 1390 489 usus

208 506 396 543 adversus
422 512 636 556 utrumque
662 507 909 555 pronuntiat.
963 507 1069 542 inter
1091 518 1229 542 omnes
1253 511 1391 543 autem

208 565 366 597 constat
402 559 497 596 nihil
534 572 619 596 csse
655 558 790 596 utilius
825 558 950 608 lupini
984 564 1124 609 segete
1160 561 1391 610 priusquam

208 613 418 663 siliquetur
452 618 585 649 aratro
621 612 683 649 vel
717 612 947 649 bidentibus
983 625 1095 649 versa
1131 610 1392 663 manipulisve

207 666 396 704 desectae
415 668 517 704 circa
537 665 690 703 radices
710 666 896 703 arborum
915 679 961 702 ac
981 668 1120 702 vitium
1141 666 1314 710 obrutis;
1349 672 1392 704 et

209 719 275 757 ubi
325 733 404 757 non
451 722 503 756 sit
543 733 679 769 pecus,
721 719 851 757 culmo
882 722 966 769 ipso
1010 719 1073 756 vel
1117 722 1243 756 etiam
1290 718 1391 758 filice

207 779 426 811 stercorare
447 773 703 810 arbitrantur.

259 826 382 864 Cato:
411 833 419 849 ‘
439 826 599 864 Stercus
632 826 738 864 unde
766 825 903 870 facias,
930 832 1169 871 stramenta,
1197 826 1391 877 lupinum,

207 879 357 930 paleas,
385 879 532 917 fabalia
565 894 610 918 ac
645 879 792 917 frondis
821 879 1023 930 iligneam,
1054 893 1285 931 querneam.
1341 894 1390 918 ex

206 939 346 984 segete
385 933 544 971 evellito
578 933 754 977 ebulum,
782 936 967 978 cicutam,
998 940 1040 970 et
1067 936 1214 971 circum
1251 933 1391 972 salicta

208 986 373 1025 herbam
402 987 526 1024 altam
556 987 791 1037 ulvamque3
829 1000 919 1024 eam
958 987 1201 1025 substernito
1239 988 1391 1032 ovibus,

207 1040 416 1091 bubusque
440 1040 623 1078 frondem
646 1040 918 1090 putidam.’—‘
938 1041 1066 1079 Vinea
1087 1043 1119 1078 si
1143 1054 1277 1079 macra
1301 1044 1390 1086 erit,

205 1101 409 1132 sarmenta
431 1108 501 1132 sua
523 1095 745 1132 comburito
768 1100 809 1132 et
831 1094 1008 1132 indidem
1029 1094 1215 1132 inarato.'
1266 1095 1390 1133 idem-

207 1161 307 1198 que:
375 1147 382 1160 ‘
404 1148 482 1185 Ubi
535 1154 693 1185 saturus
747 1150 821 1185 cris
874 1148 1134 1192 frumentum,
1186 1161 1279 1186 oves
1331 1149 1385 1186 ibi

207 1201 438 1239 delectato!

257 1254 348 1292 VII.
380 1255 414 1291 N
419 1269 462 1292 cc
480 1269 558 1291 non
577 1261 617 1292 et
634 1257 731 1292 satis
749 1254 988 1305 quibusdam
1005 1257 1098 1306 ipsis
1116 1258 1225 1306 pasci
1240 1262 1389 1293 terram

207 1307 324 1346 dicit:
373 1308 590 1355 ‘chctem
622 1314 845 1346 stercorant
877 1309 1025 1360 fruges,
1056 1309 1250 1359 lupinum,
1281 1309 1389 1354 faba,

208 1365 306 1398 vicia
327 1361 356 1404 ’ς
389 1365 489 1399 sicut
524 1376 545 1399 e
578 1365 799 1400 contrario:
842 1362 996 1407 ‘Cicer‚
1029 1366 1124 1414 quia
1157 1363 1315 1400 vellitur
1347 1369 1389 1401 et

207 1418 299 1466 quia
325 1415 471 1452 salsum
500 1422 575 1459 est,
602 1414 808 1459 hordeum,
834 1415 971 1453 fenum
999 1416 1212 1461 Graecum,
1238 1430 1389 1461 ervum,

207 1468 447 1506 haecomnia
461 1476 641 1519 segetem
655 1469 851 1507 exurunt²
863 1476 903 1507 et
916 1473 1048 1507 omnia
1061 1483 1164 1521 quae
1177 1470 1386 1508 velluntur.

207 1523 365 1559 nucleos
396 1526 433 1559 in
464 1529 645 1573 segetem
676 1537 724 1560 ne
749 1522 1212 1575 indideris.’—Vergilius
1239 1530 1282 1562 et
1311 1524 1389 1562 lino

207 1582 389 1627 segetem
411 1579 521 1614 exuri
543 1583 585 1614 ct
605 1590 732 1613 avena
753 1583 795 1613 et
815 1590 1014 1627 papavere
1035 1578 1262 1616 arbitratur.

565 1690 575 1708 ¹
600 1689 767 1720 Rufi-ham
783 1701 790 1720 ε
815 1690 969 1731 graviore
984 1694 1030 1722 et.

563 1732 575 1750 ¹
598 1736 768 1774 exsugunt
785 1732 876 1765 Cato.

473 1880 488 1895 ⁰
511 1875 700 1907 XXXVII.
718 1877 748 1907 2.
768 1876 884 1908 XXX.

475 1918 488 1938 ⁶
510 1919 697 1950 XXXVII.
716 1920 746 1950 2.
768 1921 795 1951 l.

477 1967 488 1980 ‘
511 1966 596 1994 fato
616 1962 676 1993 hae
696 1961 704 1974 ‘
719 1962 801 1993 suck
822 1973 868 2003 up
884 1960 891 1974 ’
912 1972 950 1994 or
968 1960 976 1974 ⁸
993 1961 1090 1994 drain
1103 1961 1123 1995 '.

475 2003 489 2023 θ
515 2004 707 2046 Especially
724 2005 841 2037 olives.
