1486 2359
137 360 195 391 147

139 778 200 810 148

141 1337 201 1368 149

140 1824 202 1856 160

435 182 599 219 PLINY
614 196 623 220 ε
665 182 930 220 NATURAL
965 181 1202 220 HISTORY

225 292 358 328 cante,
382 289 448 336 qui
468 286 623 323 caulem
649 285 821 323 educens
845 291 1028 335 tempore
1052 288 1136 335 ipso
1159 285 1400 336 fastigatur¹

224 357 262 391 in
284 361 390 392 toros
416 355 607 392 striatos.²
664 360 799 405 potest
821 361 863 392 et
884 357 1035 392 semine
1056 357 1145 392 seri.
1203 354 1297 392 nihil
1321 354 1406 392 dili-

226 427 385 475 gentius
405 424 707 474 comprehendit
728 424 844 468 Cato,
861 427 1197 475 novissimumque
1220 424 1306 462 libri
1331 430 1406 469 est,

228 501 271 531 ut
303 501 495 544 appareat
525 494 635 531 rem³
668 494 942 544 irrepentem⁴
974 507 1019 531 ac
1049 497 1243 531 noviciam
1273 494 1405 532 fuisse.

228 564 355 601 locum
379 565 508 615 subigi
533 565 644 602 iubet
669 564 848 601 umidum
878 570 948 601 aut
971 577 1160 608 erassum,
1175 563 1407 614 semipedali

227 634 401 684 undique
436 634 643 671 intervallo
677 637 770 678 seri,
806 647 856 671 ne
889 633 1079 678 calcetur,
1113 640 1324 684 praeterea
1357 633 1409 671 ad

227 703 372 740 lineam
387 717 511 753 grana
526 704 619 741 bina
634 710 704 741 aut
718 710 834 741 terna
848 703 996 753 paxillo
1010 703 1409 741 demitti—videlicet

226 776 377 810 semine
400 779 488 811 tum
511 779 672 810 tantum
696 774 994 810 serebantur—.
1018 773 1058 810 id
1079 773 1161 810 fieri
1190 773 1408 811 secundum

228 846 523 893 aequinoctium
539 857 717 887 vernum,
731 849 904 880 stercore
919 845 1070 887 satiari,
1083 843 1221 880 crebro
1235 845 1409 894 purgari,

227 916 356 950 caveri
376 927 425 950 ne
443 927 533 950 cum
551 912 682 950 herbis
702 913 897 950 evellatur
914 926 1144 963 asparagus,
1161 915 1288 963 primo
1306 926 1410 950 anno

228 989 451 1020 stramento
489 983 540 1020 ab
579 982 710 1020 hieme
750 985 921 1033 protegi,
960 995 1052 1019 vere
1091 985 1248 1032 aperiri,
1286 985 1411 1028 sariri,

230 1055 399 1097 runcari,
417 1055 538 1090 tertio
558 1053 713 1090 incendi
733 1066 865 1089 verno.
921 1066 1000 1103 quo
1018 1055 1211 1090 maturius
1229 1055 1412 1090 incensus

230 1128 291 1160 est
308 1121 381 1160 hoc
399 1122 538 1159 melius
555 1125 762 1172 provenit3
793 1125 930 1172 itaque
946 1121 1221 1159 harundinetis
1237 1125 1412 1160 maxime

230 1195 415 1229 convenit
445 1206 548 1242 quae
578 1192 772 1229 festinant
801 1192 970 1229 incendi.
1025 1194 1134 1228 sariri
1164 1192 1276 1230 iubet
1304 1192 1410 1230 idem

230 1275 307 1299 non
329 1268 546 1312 antequam
568 1275 783 1313 asparagus
805 1268 922 1299 natus
943 1261 1078 1305 fuerit,
1098 1275 1148 1298 ne
1169 1265 1208 1298 in
1227 1262 1411 1300 sariendo

229 1331 380 1369 radices
406 1338 624 1376 vexentur3
663 1345 712 1369 ex
739 1345 786 1369 eo
811 1331 900 1368 velli
925 1345 1164 1382 asparagum
1190 1332 1240 1368 ab
1264 1332 1411 1377 radice,

229 1415 321 1438 nam
355 1404 385 1438 si
419 1401 683 1452 dcsringatur,
711 1404 946 1451 stirpescere
978 1407 1019 1439 et
1051 1404 1277 1445 intermori;
1321 1401 1409 1439 velli

229 1471 355 1508 donec
382 1473 420 1507 in
448 1485 585 1508 semen
613 1477 679 1508 eat
707 1471 763 1521 (id
791 1477 926 1508 autem
954 1477 1221 1508 maturescere
1248 1471 1299 1509 ad
1326 1471 1408 1521 ver)

229 1541 480 1591 incendique,
517 1554 562 1578 ac
600 1554 746 1585 rursus,
783 1555 872 1578 cum
912 1544 1142 1591 apparuerit
1179 1554 1409 1592 asparagus,

228 1613 338 1647 sariri
358 1624 403 1647 ac
422 1613 643 1647 stercorari.
698 1624 743 1647 ac
762 1617 852 1660 post
872 1624 995 1647 annos
1016 1623 1068 1654 xx,
1087 1624 1177 1647 cum
1196 1613 1275 1647 iam
1295 1617 1410 1649 vetus

229 1682 294 1724 sit,
321 1680 447 1730 digeri
474 1680 640 1717 subacto
667 1686 981 1730 stercoratoque,
1008 1686 1095 1717 tum
1122 1683 1306 1731 spongeis
1332 1684 1408 1718 seri

228 1749 471 1799 singulorum
505 1749 653 1799 pedum
688 1749 907 1787 intervallo.
963 1752 1058 1800 quin
1092 1755 1134 1787 et
1167 1749 1282 1787 ovillo
1317 1750 1409 1788 fimo

229 1822 462 1857 nominatim
500 1822 572 1863 uti,
607 1822 794 1870 quoniam
829 1819 936 1857 aliud
970 1818 1113 1857 herbas
1147 1826 1268 1858 creet.
1333 1833 1408 1859 nec

457 1922 468 1941 ¹
493 1921 651 1962 Mayhoff
662 1933 669 1952 ε
695 1921 877 1961 fastigatus
894 1925 955 1953 est.

456 1965 468 1983 ²
493 1964 651 2005 Mayhoff
662 1976 668 1995 :
694 1965 837 1996 striatur
852 1967 909 1995 aut
926 1964 1078 1996 striatus.

454 2007 466 2026 ²
491 2018 560 2038 rcm
578 2008 653 2039 add.
672 2007 835 2048 Mayhoff.

456 2051 468 2069 ¹
492 2051 683 2082 Rackham:
709 2055 894 2092 repentem.

228 2111 297 2160 516
