1486 2359
122 270 186 303 225

127 849 190 881 226

417 164 606 202 PLINY:
658 164 922 202 NATURAL
960 163 1196 202 HISTORY

214 266 340 304 vitio.1
378 269 606 317 nigrescunt
621 266 636 290 ²
651 280 760 317 ergo,
774 272 816 303 et
832 267 1008 317 undique
1024 269 1151 316 primo
1165 266 1290 311 dolor,
1303 280 1395 304 mox

214 338 255 368 et
288 333 434 368 macies
469 344 606 368 earum
639 333 815 380 partium
848 330 1014 381 fragilis,
1043 337 1246 380 postremo
1278 331 1395 368 tabes

214 409 413 445 morsque,
448 409 526 432 non
560 398 737 432 intrante
771 408 864 432 suco
899 401 969 432 aut
1003 408 1081 432 non
1113 397 1396 444 perveniente3

214 462 468 510 maximeque
515 459 554 496 id
603 459 663 496 fici
711 462 904 502 sentiunt,
950 459 1156 509 caprificus
1213 459 1395 496 omnibus

215 526 399 561 immunis
431 530 491 560 est
523 537 627 573 quae
651 523 781 560 adhuc
806 523 991 560 diximus.
1044 523 1197 560 scabies
1218 526 1396 574 gignitur

215 588 366 624 roribus
390 587 507 624 lentis
533 593 622 637 post
643 587 849 638 vergilias3
876 600 970 624 nam
985 590 1017 624 si
1032 587 1249 638 largiores³
1270 587 1397 632 fuere,

215 652 461 702 perfundunt
484 652 587 689 bene
603 651 619 674 ⁴
645 652 842 696 arborem,
868 665 946 688 non
979 651 1163 701 scalpunt
1192 651 1325 689 scabie
1354 657 1397 688 at

215 716 366 766 grossi⁵
399 715 571 759 cadunt;
609 719 641 752 si
680 715 802 753 νει-οὅ
836 716 980 753 imbres
1015 718 1123 752 nimii
1162 715 1288 761 fuere,
1321 715 1397 753 alio

212 781 333 829 ‚modo
354 780 447 817 ficus
468 780 623 817 laborat
644 780 840 817 radicibus
861 780 1048 817 madidis.

268 844 301 879 V
304 845 423 881 itibus
455 851 617 894 praeter
636 844 1007 881 vermiculationem
1038 851 1081 881 et
1111 844 1397 882 siderationem

216 909 375 946 morbus
397 908 604 958 peculiaris
626 909 852 946 articulatio
873 909 1000 945 tribus
1016 909 1066 945 de
1082 911 1232 945 causis:
1267 922 1347 946 una
1361 912 1397 945 vi

215 976 520 1023 tempestatium
543 973 788 1023 germinibus
816 973 974 1017 ablatis,
1001 973 1144 1016 altera,
1173 979 1218 1010 ut
1244 975 1398 1010 notavit

215 1036 527 1087 Theophrastus,
566 1040 604 1074 in
643 1040 827 1087 supinum
867 1039 1021 1082 excisis,
1058 1039 1182 1074 tertia
1218 1037 1398 1075 culturae

216 1104 415 1151 imperitia
456 1101 594 1145 laesis;
649 1115 786 1138 omnes
828 1104 934 1138 enim
975 1115 1114 1138 earum
1153 1103 1319 1139 iniuriae
1359 1104 1398 1138 in

216 1166 391 1203 articulis
429 1169 668 1203 sentiuntur.
724 1166 975 1203 siderationis
1013 1179 1139 1216 genus
1179 1171 1241 1203 est
1281 1165 1398 1203 uvis⁷

216 1230 568 1268 deflorescentibus
603 1233 765 1274 roratio,
801 1236 871 1267 aut
905 1243 995 1267 cum
1031 1233 1133 1267 acini
1168 1233 1397 1280 priusquam

215 1301 394 1332 crescant
428 1295 673 1332 decocuntur
705 1297 744 1331 in
775 1294 934 1331 callum.
989 1300 1202 1345 aegrotant
1235 1300 1277 1331 et
1308 1308 1398 1332 cum

219 1359 359 1403 alscre,
374 1359 489 1396 laesis
505 1359 669 1396 uredine
685 1365 934 1396 attonsarum
944 1358 1077 1396 oculis.
1132 1365 1173 1396 et
1183 1358 1313 1396 calore
1326 1358 1398 1397 hoc

217 1426 350 1461 evenit
377 1426 673 1473 intempestivo,
699 1426 887 1474 quoniam
912 1426 1045 1460 omnia
1070 1423 1188 1460 modo
1213 1429 1398 1460 constant

215 1494 405 1537 certoque
436 1494 769 1537 temperamento.
826 1488 925 1524 fiunt
960 1494 1002 1524 et
1034 1487 1150 1537 culpa
1182 1487 1397 1524 colentium

216 1552 346 1596 vitia‚⁸
360 1566 450 1588 cum
469 1555 830 1603 praestringuntur,
843 1558 887 1588 ut
901 1552 1052 1589 dictum
1066 1558 1141 1595 est,
1154 1558 1222 1589 aut
1235 1554 1398 1589 circum-

267 1677 276 1695 ¹
301 1681 382 1707 sunt
407 1700 414 1707 .
441 1700 448 1707 .
475 1701 482 1707 .
510 1676 593 1707 vitio
609 1676 687 1707 hic?
706 1676 881 1716 Mayhoff:
908 1675 998 1717 infra
1012 1679 1087 1715 post
1102 1685 1182 1716 ergo
1197 1678 1243 1707 et.

266 1721 277 1738 ²
303 1721 329 1751 k:
349 1719 508 1759 Theophr.
526 1718 636 1750 Dalec.
654 1731 660 1750 :
687 1720 891 1750 inarescunt.

264 1763 276 1781 ³
301 1762 434 1793 Dulce:
461 1763 611 1793 rariores.

222 1849 236 1879 s
264 1806 275 1824 ⁴
295 1805 511 1879 lperfundunt,
536 1805 619 1837 bene
643 1805 811 1836 Rackham
835 1809 881 1846 (p.
908 1804 1076 1846 benigne?
1102 1804 1294 1846 Mayhoff):
1322 1815 1396 1846 per-

237 1860 290 1879 un«
309 1854 424 1880 untne.

267 1892 278 1910 ⁵
302 1896 337 1923 et
355 1894 430 1929 (att’
450 1891 616 1932 Mayhoff)
632 1891 737 1932 grossi
754 1890 803 1922 ed.
820 1890 927 1923 Hack.
945 1902 951 1921 :
977 1894 1087 1922 eteros
1103 1890 1141 1922 si.

265 1935 278 1953 ⁸
302 1935 328 1966 si
347 1937 451 1966 vero?
470 1934 627 1975 Mayhoff
637 1946 644 1965 :
669 1935 750 1965 sive.

265 1978 277 1995 ⁷
303 1978 340 2008 (Ὗ.
359 1978 397 2008 F.
423 1978 467 2009 W.
487 1977 649 2009 Mueller:
674 1981 709 2009 et
726 1977 777 2008 his
792 1981 850 2007 au!
866 1977 899 2008 in
917 1976 978 2007 his.

265 2022 276 2040 ⁸
305 2021 478 2062 ,llaylcoffz
505 2022 627 2052 vitium
645 2021 745 2060 (vitia
761 2019 810 2051 cd.
828 2020 907 2051 Par.
926 2020 998 2051 Lat.
1016 2019 1116 2057 6796)
1135 2019 1289 2052 colentia.

217 2091 285 2138 156
