1486 2359
128 382 170 411 54

128 1130 169 1158 50

398 164 585 202 PLINY:
639 163 902 202 NATURAL
939 163 1175 202 HISTORY

194 268 324 305 culmo
340 281 469 318 paene
487 270 526 304 in
542 266 756 311 surculum,
771 267 1002 317 praedensis
1019 273 1228 305 acervatur
1242 270 1374 319 granis

194 336 284 359 cum
306 322 532 372 longissima
552 321 686 371 pedali
705 320 869 371 phoba.1
922 321 1030 358 milio
1048 334 1187 358 comae
1207 334 1376 372 granum

195 375 428 424 complexae
477 375 676 412 fimbriato
722 374 866 425 capillo
913 380 1139 412 curvantur.
1193 380 1287 412 sunt
1333 381 1376 412 et

196 432 336 478 panico
363 441 534 478 genera:
575 441 809 471 mammosa,
837 441 859 465 e
886 440 991 477 pano
1017 431 1147 478 parvis
1173 434 1377 466 racemata

196 481 401 532 paniculis,
445 488 487 519 et
529 484 736 519 cacumine
780 484 963 532 gemino3
1021 484 1116 531 quin
1160 487 1203 518 et
1245 481 1376 519 colore

196 535 469 586 distinguntur
499 535 683 579 candido,
716 537 841 585 nigro,
873 534 975 579 rufo,
1007 537 1131 572 etiam
1163 547 1375 585 purpureo.

197 592 308 638 panis
330 588 589 625 multifariam
613 595 654 625 et
677 602 699 625 a
721 588 828 625 milio
851 588 910 632 fit,
932 601 954 625 e
976 591 1117 638 panico
1138 601 1271 632 rarus;
1305 588 1377 626 sed

196 642 346 679 nullu'm
360 642 618 692 ponderosius
631 642 878 679 frumentum
891 648 953 679 est
966 648 1036 679 aut
1049 641 1156 692 quod
1167 642 1377 692 coquendo

196 698 322 745 magis
349 701 524 733 crescat:
566 708 612 732 Lx
639 696 772 745 pondo
799 698 911 745 panis
940 708 962 732 e
989 695 1122 732 modio
1148 695 1376 733 reducunt²

194 749 450 799 modiumque
469 749 594 799 pultis
608 762 656 786 ex
674 749 800 786 tribus
814 750 997 786 sextariis
1009 748 1191 786 madidis.
1226 748 1376 786 milium

196 806 299 839 intra
324 802 393 839 hos
417 815 440 839 x
463 816 586 839 annos
611 816 659 839 ex
686 802 799 839 India
828 805 868 839 in
893 802 1052 839 Italiam
1082 805 1283 839 invectum
1313 808 1375 840 est

196 859 352 905 nigrum
378 856 521 899 colore,
548 856 723 905 amplum
750 869 888 905 grano,
915 855 1208 892 harundineum
1233 855 1376 893 culmo.

195 909 385 946 adolescit
430 909 481 946 ad
524 910 648 959 pedes
691 909 904 946 altitudine
947 921 1018 953 vn,
1062 909 1377 959 praegrandibus

195 963 503 999 comis—iubas3
517 966 888 1000 vocant—omnium
901 961 1061 1011 frugum
1073 962 1377 1000 fertilissimum:

197 1030 245 1053 ex
263 1030 340 1052 uno
361 1030 486 1065 grano
506 1018 670 1053 sextarii
684 1019 788 1053 terni
811 1019 1041 1067 gignuntur.
1096 1019 1171 1053 seri
1193 1016 1316 1053 debet
1337 1019 1377 1053 in

199 1070 350 1106 umidis.

250 1123 464 1159 Frumenta
483 1123 682 1173 quaedam
699 1126 738 1159 in
755 1126 877 1160 tertio
894 1136 999 1173 genu
1017 1125 1166 1172 spicam
1184 1125 1377 1172 incipiunt

195 1179 417 1225 concipere,
471 1177 670 1226 quaedam
725 1180 764 1213 in
819 1182 976 1227 quarto,
1029 1176 1100 1213 scd
1154 1179 1376 1213 etiamnum

196 1230 405 1267 occultam.
459 1230 642 1279 genicula
683 1236 820 1267 autem
860 1237 953 1267 sunt
993 1232 1126 1266 tritico
1167 1236 1378 1280 quaterna,

198 1282 287 1320 farri
307 1297 416 1322 sena.
433 1282 582 1320 liordco
598 1289 742 1320 octona
757 1296 765 1326 ;
795 1283 866 1320 sed
883 1297 961 1320 non
979 1289 1073 1320 ante
1091 1296 1209 1332 supra
1225 1283 1376 1321 dictum

196 1337 468 1385 geniculorum
496 1350 705 1374 numerum
732 1343 948 1386 conceptus
977 1343 1037 1373 est
1064 1339 1211 1386 spicae,
1238 1339 1305 1387 qui
1332 1342 1377 1374 ut

196 1403 307 1439 spem
325 1393 383 1426 sui
400 1390 510 1434 fecit,
527 1396 719 1440 quattuor
735 1396 804 1427 aut
822 1393 998 1440 quinque
1014 1403 1105 1427 cum
1117 1390 1133 1413 ⁴
1152 1390 1376 1427 tardissime

197 1443 336 1480 diebus
352 1443 491 1480 florere
506 1447 699 1493 incipiunt
714 1444 966 1494 totidemque
982 1450 1051 1480 aut
1066 1443 1185 1493 paulo
1199 1443 1376 1494 pluribus

197 1496 476 1539 deflorescunt,
518 1496 666 1534 hordea
708 1511 800 1534 vero
839 1511 929 1534 cum
970 1497 1195 1534 tardissime
1235 1497 1376 1534 diebus

196 1557 365 1599 septem.
421 1550 544 1587 Varro
565 1557 709 1600 quater
729 1553 891 1587 novenis
912 1551 1052 1587 dicbus
1073 1550 1207 1601 fruges
1228 1550 1375 1588 absolvi

197 1604 318 1640 tradit
337 1610 377 1640 et
396 1616 532 1640 mense
550 1618 653 1640 nono
670 1607 780 1641 meti.

248 1700 257 1718 ¹
284 1699 477 1731 Turnebus:
501 1699 580 1730 loba
598 1699 815 1731 Hzrmolaus:
841 1700 932 1731 obba
949 1699 1076 1732 Galen:
1103 1699 1183 1732 obfa
1198 1703 1256 1731 aut
1272 1699 1352 1732 offa.

247 1743 257 1761 ²
289 1741 349 1774 VJ.
366 1742 523 1774 redicunt
539 1742 660 1782 (redire
677 1742 796 1774 dicunt
814 1742 935 1784 Silliqy.

246 1785 258 1803 ³
289 1785 315 1815 V
318 1784 349 1817 ,1.
368 1785 463 1817 lobas
480 1785 625 1827 (phobas
644 1785 811 1827 Smliqer).

247 1829 258 1847 ⁴
284 1839 362 1860 cum
377 1829 479 1860 adda
498 1829 661 1870 Mayhojs.

244 1961 256 1973 ‘¹
283 1955 409 1996 Mostly
434 1956 512 1986 bare
536 1956 696 1987 varieties
717 1954 756 1987 of
773 1954 832 1987 the
853 1955 949 1987 older
963 1955 1022 1996 sar
1037 1965 1074 1987 or
1089 1965 1227 1993 emmer,
1243 1955 1374 1988 includ-

202 2000 255 2060 ἰιιῗ
272 1998 351 2072 agape
361 1998 534 2073 spel3t2axid
551 2003 560 2016 ⁴
572 1999 676 2031 Rivet
689 1998 698 2012 ’
713 1998 782 2030 and
798 2003 806 2015 ⁴
819 1998 963 2041 poulard
974 1999 981 2011 '
999 1998 1138 2031 wheate.

195 2115 265 2148 2²4
