1486 2359
138 1350 177 1380 77

396 153 588 190 PLINY:
637 152 899 190 NATURAL
939 151 1176 191 HISTORY

203 257 466 307 Hippocrates
484 270 505 293 e
521 256 744 293 clarissimis
762 256 984 293 medicinae
1002 259 1181 293 scientia.
1223 258 1380 294 tisanae

202 330 357 366 bonitas
392 331 607 378 praecipua
644 328 836 366 Uticensi.
894 331 933 365 in
968 329 1158 379 Aegypto
1192 341 1285 366 vero
1319 335 1380 366 est

201 415 304 452 quae
319 402 388 438 fiat
403 414 452 438 ex
466 400 615 438 hordeo
627 404 689 438 cui
703 407 797 438 sunt
810 401 891 437 bini
906 401 1052 451 anguli.
1108 403 1147 437 in
1161 400 1325 438 Baetica
1339 406 1381 438 et

202 473 336 510 Africa
367 487 493 524 genus
526 487 575 510 ex
609 487 687 524 quo
720 474 790 510 fiat
821 472 959 510 hordei
989 473 1172 523 glabrum
1204 472 1380 523 appellat

201 546 426 583 Turranius.
481 546 587 583 idem
630 546 768 596 olyran
810 552 852 583 et
893 559 1039 596 oryzan
1082 545 1252 583 eandem
1295 558 1382 583 esse

202 621 418 656 existimat.
471 621 627 655 tisanae
651 618 922 656 conficiendae
947 618 1107 669 volgata
1131 621 1232 655 ratio
1257 624 1332 656 est.

254 691 360 728 XVI.
390 690 513 728 Simili
542 691 660 728 modo
690 704 711 727 e
739 693 860 728 tritici
889 694 1040 728 semine
1067 696 1227 741 tragum
1257 691 1316 735 fit,
1343 693 1382 727 in

202 764 422 814 Campania
463 764 677 801 dumtaxat
719 769 761 800 et
803 764 1006 814 Aegypto,
1048 763 1177 800 XVII.
1206 762 1382 814 amylum

203 850 295 874 vero
333 850 383 874 ex
419 839 526 873 omni
563 839 696 874 tritico
734 849 779 873 ac
816 836 984 886 siligine,
1021 836 1092 873 sed
1129 839 1324 885 optimum
1361 849 1383 872 e

203 912 406 946 trimestri.
461 911 638 946 inventio
678 911 761 946 eius
799 907 898 945 Chio
935 908 1086 945 insulae
1121 908 1307 953 debetur,
1341 914 1383 945 et

204 981 320 1019 hodie
335 982 652 1019 laudatissimum
669 981 772 1018 inde.
813 987 873 1018 est
888 980 1133 1031 appellatum
1155 981 1205 1018 ab
1218 994 1266 1018 eo
1279 980 1384 1032 quod

204 1057 287 1091 sine
312 1054 416 1091 mola
444 1054 526 1091 fiat.
581 1057 804 1104 proximum
830 1056 1020 1090 trimestri
1046 1053 1152 1104 quod
1176 1066 1198 1091 e
1223 1056 1384 1091 minime

207 1126 427 1177 ponderoso
462 1129 607 1163 tritico,
663 1127 854 1163 madescit
892 1126 994 1163 dulci
1031 1139 1135 1176 aqua
1171 1128 1210 1162 in
1245 1125 1384 1177 ligneis

206 1202 319 1243 vasis,
332 1201 389 1236 ita
407 1205 449 1236 ut
468 1202 674 1249 integatur
691 1202 900 1249 quinquies
918 1201 956 1235 in
973 1199 1037 1236 die
1055 1204 1228 1242 mutata,
1244 1197 1385 1236 melius

205 1275 235 1308 si
257 1278 298 1308 et
319 1278 453 1316 noctu,
473 1275 530 1309 ita
551 1278 595 1309 ut
615 1274 822 1322 integatur
842 1274 1051 1321 quinquies
1071 1274 1110 1308 in
1130 1271 1195 1308 die
1214 1276 1386 1315 mutata,

205 1344 344 1381 melius
357 1346 442 1381 siet
455 1350 590 1388 noctu,
601 1347 658 1381 ita
671 1350 715 1381 ut
727 1346 941 1381 misceatur
952 1346 1112 1393 pariter.
1152 1342 1385 1387 emollitum,

206 1419 310 1466 prius
347 1430 467 1467 quam
503 1423 675 1461 acescat,
711 1416 834 1454 linteo
869 1422 939 1453 aut
974 1419 1116 1466 sportis
1151 1416 1383 1453 saccatum¹

206 1489 369 1539 tegulae
391 1489 614 1527 infunditur
636 1489 774 1526 inlitae
797 1489 996 1525 fermento
1018 1495 1141 1539 atque
1164 1491 1220 1525 ita
1243 1491 1282 1525 in
1305 1487 1386 1525 sole

206 1562 408 1599 densatur.
463 1568 553 1612 post
582 1561 724 1599 Chium
755 1565 926 1598 maxime
956 1561 1144 1598 laudatur
1172 1561 1386 1604 Creticum,

207 1648 297 1671 mox
320 1636 578 1685 Aegyptium.
638 1635 828 1684 probatur
847 1640 984 1671 autem
1006 1634 1135 1671 levore
1159 1640 1202 1671 et
1221 1633 1386 1670 levitate

207 1714 329 1757 atque
346 1714 389 1744 ut
406 1720 542 1744 recens
558 1710 620 1746 sit.
677 1710 755 1743 iam
772 1713 813 1744 et
829 1706 971 1744 Catoni
988 1707 1139 1744 dictum
1155 1706 1262 1756 apud
1277 1719 1359 1743 nos.

387 1805 398 1824 ¹
423 1809 596 1835 saccatum
613 1803 661 1835 cd.
679 1804 757 1835 Par.
778 1803 849 1835 Lat.
866 1803 972 1835 3797:
997 1804 1164 1835 siccatum
1181 1802 1250 1835 rell.

396 1928 410 1941 ⁰
434 1926 494 1954 See
511 1934 542 1964 p.
560 1925 635 1958 2:25,
653 1928 732 1953 note
748 1922 776 1953 b.

395 1965 408 1984 ⁶
432 1970 492 1997 See
510 1977 540 2007 p.
559 1968 633 2003 224,
650 1972 730 1997 note
745 1977 786 2003 αι
810 1976 843 2007 p.
860 1967 937 2003 228,
952 1971 1032 1996 note
1047 1976 1078 1996 α.

399 2014 409 2027 ‘
433 2009 589 2049 Ἀμυλον.
881 2008 896 2028 ⁴
919 2009 1004 2041 ΚΗ.
1024 2007 1240 2040 LXXXVII.

209 2072 276 2117 238
