1486 2359
109 464 167 496 261

109 1094 126 1122 ¹⁴0

131 1092 150 1122 02

155 1092 173 1123 ¹0

112 1720 174 1751 2623

401 147 565 184 PLINY
582 161 590 184 :
643 147 906 185 NATURAL
943 147 1178 186 HISTORY

197 264 352 289 cerasos
392 263 600 300 praecoces
639 250 735 287 facit
768 253 955 300 cogitque
990 257 1258 288 maturescere
1289 250 1376 289 calx

198 321 360 357 admota
389 320 607 361 radicibus;
643 326 685 357 et
706 318 805 356 haec
835 325 971 356 autem
999 325 1043 356 ut
1063 320 1075 342 ¹
1103 323 1235 357 omnia
1261 333 1378 370 poma

199 389 394 427 intervelli
416 389 556 426 melius
577 396 637 426 est
658 395 702 426 ut
719 402 822 439 quae
844 389 981 426 relicta
1001 392 1079 426 sint
1098 389 1376 439 grandescant.

249 459 458 506 Quaedam
475 472 605 509 poena
622 458 889 496 emendantur
905 465 973 495 aut
991 473 1122 496 morsu
1140 462 1379 504 excitantur,

200 536 243 566 ut
278 529 435 579 palmae
469 542 515 566 ac
550 528 726 572 lentisci3
773 528 884 565 salsis
919 531 1024 564 enirn
1060 531 1172 578 aquis
1207 529 1377 566 aluntur.

197 599 288 636 salis
318 602 393 635 vim
423 604 465 635 et
492 601 643 635 cineres
671 598 741 635 sed
770 597 959 635 leniorem
988 597 1154 641 habent,
1182 599 1271 636 idco
1299 599 1379 636 ficis

199 669 492 718 adsperguntur
528 667 755 718 rutaeque,²
785 681 833 705 nc
872 668 967 704 fiant
1000 671 1244 706 verminosae
1280 682 1378 706 neve

199 739 350 776 radices
373 744 617 788 putrescant.
673 741 767 788 quin
790 744 831 775 et
854 741 993 774 vitium
1017 738 1213 776 radicibus
1235 752 1378 789 aquam

197 809 341 845 salsam
355 808 493 844 iubent
507 807 672 844 adfundi
685 810 715 844 si
729 810 807 844 sint
819 807 1067 850 lacrimosae,
1080 810 1217 845 sivero
1230 808 1379 846 fructus

199 892 336 916 earum
368 877 570 921 decidant,
602 880 775 915 cinerem
809 882 925 914 aceto
956 880 1163 928 conspergi
1196 880 1379 928 ipsasque

199 948 321 991 inlini,
343 954 412 984 aut
432 947 651 984 sandaraca
673 950 703 984 si
725 952 931 996 putrescat
953 960 1041 990 uva,
1062 949 1093 984 si
1116 960 1208 984 vero
1229 947 1379 985 fertiles

200 1031 276 1054 non
294 1020 386 1060 sint,
402 1022 517 1054 aceto
534 1019 612 1053 acri
629 1017 796 1053 subacto
812 1019 944 1053 cinere
961 1019 1079 1067 rigari
1097 1022 1220 1067 atque
1237 1017 1380 1061 oblini3

200 1087 305 1138 quod
334 1090 363 1123 si
394 1087 565 1124 fructum
596 1100 672 1123 non
703 1092 907 1124 maturent
937 1089 1044 1135 prius
1074 1089 1380 1131 inarescentem‚

200 1160 464 1207 praecisarum
481 1156 532 1192 ad
549 1156 700 1193 radices
717 1156 877 1206 plagam
896 1156 1094 1206 fibrasque
1111 1162 1227 1193 aceto
1243 1160 1322 1194 acri
1339 1164 1378 1194 et

201 1230 310 1264 urina
350 1233 507 1263 vetusta
544 1225 798 1262 madefacere
835 1232 958 1275 atque
996 1240 1044 1263 eo
1082 1226 1164 1263 luto
1200 1226 1381 1270 obruere,

199 1309 319 1345 saepe
344 1296 492 1332 fodere.
547 1295 738 1338 olearum,
761 1297 792 1331 si
814 1308 954 1344 parum
978 1298 1192 1344 promisere
1216 1295 1380 1339 fructus,

201 1366 371 1403 nudatas·
432 1365 581 1402 radices
624 1364 788 1402 hiberno
829 1364 963 1415 frigori
1005 1371 1211 1414 opponunt
1253 1379 1380 1416 eaque

199 1438 463 1485 castigatione
510 1435 731 1484 proficiunt.
786 1437 918 1471 omnia
963 1433 1062 1471 haec
1107 1448 1237 1471 annua
1281 1435 1380 1472 caeli

202 1509 354 1542 ratione
401 1511 586 1541 constant
634 1511 675 1541 et
722 1504 936 1554 aliquando
982 1507 1105 1541 serius
1152 1510 1380 1554 poscuntur,

201 1575 414 1625 aliquando
433 1574 611 1611 celerius.
667 1587 739 1611 nec
760 1588 837 1610 non
858 1576 958 1624 ignis
979 1573 1119 1624 aliquis
1140 1575 1316 1624 prodest,
1337 1581 1379 1612 ut

202 1644 433 1688 harundini;
496 1644 680 1681 ambusta
733 1657 906 1694 namque
959 1644 1118 1681 densior
1169 1647 1380 1694 mitiorque

203 1714 404 1765 resurgit.³
457 1713 558 1751 Cato
581 1720 621 1750 et
644 1713 938 1751 medicamenta
960 1713 1159 1764 quaedam
1179 1717 1380 1764 conponit,

202 1798 411 1822 mensurae
435 1797 592 1834 quoque
616 1783 885 1827 distinctione,
907 1783 957 1820 ad
981 1786 1173 1820 maiorum
1196 1784 1379 1821 arborum

201 1855 351 1891 radices
378 1853 624 1903 amphoram,
650 1853 700 1890 ad
726 1856 921 1890 minorum
948 1867 1102 1897 urnam,
1127 1866 1312 1891 amurcae
1338 1860 1380 1891 et

339 1941 347 1958 ¹
374 1943 413 1970 ut
430 1944 487 1974 (rm
504 1943 539 1970 et
551 1942 579 1978 ?)
596 1939 670 1969 add.
691 1938 852 1979 Mayhoff.

340 1984 352 2001 ²
375 1982 508 2014 Dalm:
535 1987 689 2022 rataque.

339 2027 351 2045 ²¹
376 2027 543 2066 resurgit?
561 2025 631 2056 coll.
652 2026 754 2064 §242ss
774 2025 869 2056 XVI.
892 2026 951 2056 163
972 2025 1145 2065 Mayhoff:
1171 2025 1287 2066 surgit.

203 2073 271 2107 180
