1486 2359
124 462 183 494 281

130 1158 191 1189 2⁸3

422 140 610 176 I‘LlNY:
655 139 916 176 NATURAL
952 137 1188 175 HISTORY

214 244 378 286 fructus,
416 249 459 279 ut
495 256 662 292 quarum
699 248 840 279 exortu
876 247 1007 279 aestas
1043 243 1218 290 incipiat,
1253 252 1390 278 occasu

214 295 355 340 hiems,
373 299 583 333 semenstri
601 298 730 346 spatio
748 298 852 332 intra
869 308 912 332 se
929 308 1077 332 messes
1096 294 1391 344 vindemiasque

215 356 256 387 et
290 353 466 387 omnium
501 352 778 386 maturitatem
808 348 1040 398 conplexis.¹
1095 353 1156 385 est
1183 353 1393 397 praeterea

214 406 253 440 in
269 403 380 440 caelo
397 406 463 453 qui
483 409 645 440 vocatur
662 403 814 440 lacteus
831 402 1010 445 circulus,
1029 404 1151 438 etiam
1170 403 1253 438 visu
1270 400 1393 438 facilis

213 455 344 507 [huius
378 456 548 494 defluvio
582 456 689 493 velut
725 469 775 493 ex
808 457 930 493 ubere
963 455 1095 505 aliquo
1127 460 1217 491 sata
1249 460 1393 492 cuncta

214 509 451 561 lactescunt]
469 510 484 533 ²
499 510 667 547 duorum
684 510 858 546 siderum
874 509 1164 551 observatione,
1180 507 1337 558 aquilae
1352 509 1393 544 in

215 563 517 613 septentrionali
546 570 662 613 parte
693 570 735 600 et
764 566 804 600 in
833 565 1011 599 austrina
1039 561 1257 605 caniculae,
1285 563 1394 598 cuius

214 621 460 655 mentionem
478 631 548 654 suo
566 617 650 654 loco
667 616 845 654 fecimus.
900 619 983 665 ipse
1001 614 1165 652 circulus
1182 613 1309 652 fertur
1324 627 1396 664 per

215 674 467 721 sagittarium
487 677 610 721 atque
630 673 824 720 geminos,
842 670 932 706 solis
951 676 1088 706 centro
1107 669 1166 706 bis
1186 670 1394 718 aequinoc-

214 725 351 762 tialem
368 724 556 762 circulum
572 738 726 768 secans,
739 726 1014 761 commissuras
1031 735 1166 760 eorum
1187 724 1395 772 optinente

216 777 306 816 hinc
323 778 455 828 aquila
472 778 575 815 illinc
591 777 781 815 canicula.
837 777 927 814 ideo
943 776 1107 814 effectus
1124 778 1329 826 utriusque
1345 775 1396 812 ad

217 845 354 869 omnes
388 832 598 882 frugiferas
631 834 835 882 pertinent
868 837 1010 874 terras,
1044 832 1230 879 quoniam
1264 831 1304 866 in
1337 827 1396 866 his

216 892 376 923 tantum
395 885 488 922 locis
508 885 597 922 solis
615 891 828 935 terraeque
847 891 985 921 centra
1003 888 1239 933 congruunt.
1275 884 1396 933 igitur

216 938 356 976 horum
397 940 569 976 siderum
610 939 750 976 diebus
790 941 820 975 si
861 951 981 987 purus
1021 943 1143 987 atque
1182 938 1290 973 mitis
1329 948 1398 973 aer

216 993 433 1043 genitalem
476 992 585 1030 illum
625 992 881 1042 lacteumque
921 1004 1057 1028 sucum
1099 992 1318 1027 transmisit
1357 991 1397 1026 in

217 1054 357 1090 terras,
376 1047 486 1084 laeta
505 1046 738 1084 adulescunt
758 1052 870 1088 sata;
904 1047 935 1082 si
955 1045 1048 1082 luna
1068 1057 1145 1094 qua
1165 1043 1316 1081 dictum
1335 1048 1397 1080 est

217 1103 370 1138 ratione
396 1100 590 1137 roscidum
616 1100 739 1149 frigus
764 1101 945 1149 aspersit,
969 1098 1150 1135 admixta
1173 1096 1398 1134 amaritudo

218 1160 262 1191 ut
283 1157 322 1191 in
343 1154 448 1191 lacte
468 1156 722 1204 puerperium
744 1159 874 1190 necat.
929 1152 1069 1189 modus
1090 1154 1128 1188 in
1148 1153 1263 1188 terris
1283 1149 1398 1187 huius

219 1210 383 1245 iniuriae
406 1221 526 1258 quem
549 1207 644 1244 fecit
668 1210 707 1244 in
730 1219 981 1257 quacumque
1003 1207 1258 1242 convexitate
1279 1206 1398 1241 comi-

218 1268 327 1299 tatus
341 1264 547 1312 utriusque
561 1274 719 1305 causae,
734 1267 775 1297 et
790 1261 879 1297 ideo
894 1273 971 1296 non
985 1261 1135 1309 pariter
1148 1261 1188 1295 in
1201 1264 1289 1295 toto
1301 1257 1397 1295 orbe

218 1318 402 1359 sentitur,
440 1322 484 1352 ut
522 1328 594 1352 nec
632 1314 728 1352 dies.
784 1313 957 1364 aquilam
995 1313 1165 1350 diximus
1203 1314 1243 1348 in
1281 1310 1397 1348 Italia

220 1371 360 1406 exoriri
386 1382 421 1406 a.
448 1369 486 1405 d.
514 1381 585 1405 xm
611 1368 690 1405 kal.
719 1368 803 1404 Ian.
831 1380 904 1404 nec
928 1369 1081 1416 patitur
1105 1368 1208 1403 ratio
1232 1370 1398 1402 naturae

219 1425 430 1473 quicquam
450 1425 490 1459 in
508 1425 604 1459 satis
622 1428 719 1458 ante
736 1435 828 1458 eum
846 1421 952 1458 diem
972 1423 1055 1470 spei
1075 1432 1160 1456 esse
1177 1425 1335 1462 certae3
1366 1420 1398 1455 si

220 1490 311 1513 vero
339 1476 595 1513 interlunium
623 1475 786 1516 incidat.
814 1477 938 1511 omnis
967 1473 1150 1511 hibernos
1178 1472 1328 1510 fructus
1356 1478 1398 1509 et

219 1543 426 1579 praecoces
443 1529 547 1567 laedi
565 1542 726 1566 necesse
745 1535 817 1566 est.

358 1636 368 1655 ¹
394 1635 558 1665 Rari-Imm
577 1647 583 1666 :
610 1634 796 1675 complexit
811 1638 868 1664 aul
884 1633 960 1664 sim.
976 1637 1032 1663 (1111
1051 1631 1253 1672 complexas.

357 1680 368 1697 ²
395 1678 556 1718 Jhmhoff.

265 1850 278 1864 ‘³
303 1846 373 1877 The
395 1846 486 1894 MSS.
505 1846 610 1894 insert
631 1844 726 1876 herc:
751 1844 822 1884 ‘By
841 1843 898 1874 the
916 1843 1113 1897 emanation
1133 1842 1172 1873 os
1190 1841 1258 1873 this
1277 1840 1319 1872 all
1343 1841 1400 1872 the

221 1889 371 1963 “³¹75
370 1899 450 1962 '355
458 1888 551 1972 <1¹33ss
561 1886 912 1970 3s⁸513ss¹si³ssngda¹sifi·
924 1930 1062 1967 setting.

261 1979 272 1993 ‘
295 1974 339 2004 At
365 1973 459 2004 XVI.
484 1975 526 2004 99
549 1973 616 2004 and
648 1974 706 2005 103
739 1973 766 2003 it
788 1982 857 2002 was
885 1971 1011 2012 merely
1038 1966 1209 2001 indicated
1236 1969 1313 2000 that
1344 1968 1402 1999 the

222 2017 325 2054 Eume
344 2019 422 2048 vises
441 2019 471 2047 in
489 2018 618 2047 winter.

222 2078 292 2126 366
