1486 2359
418 131 614 169 PLINY:
665 129 929 168 NATURAL
964 126 1203 166 HISTORY

152 241 194 272 68
220 234 393 272 surculos
431 234 601 270 abscisos
637 245 792 270 serere:
842 231 916 268 hoc
952 234 1079 281 primo
1114 232 1245 280 saepis
1279 242 1401 268 causa

154 676 173 706 6

176 676 195 706 9

157 1186 197 1214 7⁰

156 1474 173 1503 7

181 1474 190 1503 l

179 1764 197 1793 ¹0

219 307 370 344 factum
408 307 576 349 sabaeis,
609 304 820 349 cotoneis,¹
858 304 965 341 rubis
1003 303 1200 353 depactis,
1234 315 1327 340 mox
1360 307 1402 340 et

217 379 412 423 culturae,
444 385 489 416 ut
520 378 689 428 populis,
719 377 831 421 alnis,
862 376 985 421 salici,
1016 389 1120 427 quae
1152 374 1215 412 vel
1245 378 1401 413 inverso

219 452 373 489 surculo
398 454 554 488 seritur.
609 454 688 487 iam
715 449 790 487 hae
815 450 869 486 ibi
894 449 1159 498 disponuntur
1183 448 1252 485 ubi
1275 447 1401 485 libeat

221 538 306 561 esse
323 538 402 561 eas.
460 536 705 574 quamquam
719 522 734 546 ²
753 525 952 560 seminarii
963 535 1099 559 curam
1111 526 1206 558 ante
1218 522 1403 559 convenit

219 598 294 634 dici
315 610 435 647 quam
454 602 684 633 transeatur
702 595 753 633 ad
772 595 848 632 alia
867 607 1031 645 genera.

272 668 379 706 XIV.
410 669 593 718 Namque
611 668 662 705 ad
679 667 719 705 id
735 670 994 717 praecipuum
1013 666 1104 717 eligi
1121 665 1249 703 solum
1267 665 1407 710 refert,

221 744 409 793 quoniam
427 743 622 778 nutricem
639 740 976 790 indulgentiorem
994 753 1079 777 esse
1097 752 1218 790 quam
1234 745 1405 776 matrem

220 828 342 864 saepe
359 817 558 851 convenit.
612 816 664 850 sit
683 826 779 863 ergo
797 815 943 850 siccum
962 825 1241 862 sucosumque,
1258 810 1407 862 bipalio

221 887 445 929 subactum,
479 886 641 923 advenis
681 884 890 935 hospitale,
926 891 969 922 et
1007 897 1129 935 quam
1163 883 1406 922 simillimum

220 966 352 997 terrae
381 959 448 995 ei³
476 961 515 995 in
544 971 664 1009 quam
693 957 999 995 transferendae
1027 960 1122 1001 sint,
1150 962 1246 994 ante
1275 959 1408 994 omnia

221 1031 469 1082 elapidatum
492 1034 772 1081 munitumque
796 1030 846 1067 ab
870 1034 1027 1068 incursu
1050 1032 1174 1067 etiam
1196 1028 1407 1081 gallinacei

221 1107 392 1155 generis,
427 1117 547 1154 quarn
582 1106 744 1141 minime
779 1106 981 1146 rimosum,
1014 1116 1065 1140 ne
1099 1108 1317 1153 penetrans
1350 1102 1407 1140 sol

223 1183 365 1214 exurat
394 1177 523 1213 fibras.
579 1175 787 1214 intervallo
814 1175 1099 1226 sesquipedum
1125 1178 1349 1213 seri—nam
1375 1177 1406 1213 si

222 1253 326 1287 inter
340 1262 382 1286 se
397 1252 649 1299 contingant,
664 1255 826 1299 praeter
841 1249 918 1285 alia
934 1251 1029 1285 vitia
1045 1251 1170 1285 etiam
1185 1250 1408 1286 verminosa

225 1323 322 1359 liunt
338 1322 416 1367 ⁴¹-,
455 1325 564 1358 sariri
600 1325 785 1358 convenit
821 1324 979 1371 saepius
1015 1320 1240 1371 herbasque
1278 1319 1407 1365 evelli,

222 1401 433 1445 praeterea
448 1398 601 1431 semina
616 1397 701 1444 ipsa
718 1394 948 1432 fruticantia
964 1400 1184 1444 supputare
1200 1406 1246 1431 ac
1261 1393 1405 1431 falcem

222 1470 304 1517 pati
327 1481 599 1505 consuebcere.
653 1467 756 1504 Cato
779 1474 820 1504 et
844 1467 961 1504 furcis
983 1473 1113 1504 crates
1136 1469 1270 1516 inponi
1293 1467 1406 1504 iubet

223 1540 436 1577 altitudine
455 1539 622 1576 hominis
640 1540 690 1577 ad
708 1539 830 1576 solem
849 1539 1120 1589 recipiendum
1138 1545 1261 1589 atque
1279 1542 1404 1590 integi

222 1612 352 1650 culmo
376 1612 427 1649 ad
452 1613 595 1662 frigora
621 1613 816 1656 arcenda;
853 1615 907 1650 sic
932 1615 1105 1662 pirorum
1130 1612 1406 1663 malorumque

224 1687 375 1721 semina
396 1687 550 1727 nutriri,
569 1688 623 1722 sic
643 1688 781 1734 pineas
802 1699 936 1729 nuces,
955 1687 1009 1722 sic
1028 1698 1233 1735 cupressos
1253 1688 1405 1723 semine

224 1764 330 1794 satas
366 1764 406 1794 et
442 1761 557 1808 ipsas.
613 1760 782 1794 minimi&
817 1758 856 1795 id
889 1761 1022 1807 granis
1055 1763 1228 1802 constat,
1262 1760 1327 1796 vix
1360 1764 1404 1796 ut

584 1878 593 1896 ¹
618 1878 785 1909 Ruckham
801 1890 807 1909 ε
833 1882 976 1910 cotoneo
992 1882 1038 1911 et.

579 1921 593 1940 ¹
617 1921 837 1962 quamobrem
854 1921 923 1953 add.

580 1964 593 1983 ³
617 1965 644 1995 ci
662 1964 736 1996 add.
758 1964 918 2005 J!ayhoff.

580 2007 593 2026 ⁴
623 2007 682 2038 121.
701 2008 798 2044 fiunt.
816 2007 902 2039 ideo.
