1486 2359
373 146 563 184 PLINY:
617 145 880 183 NA'I'URAL
919 144 1154 182 HISTORY

178 254 371 301 paenitet.
411 265 550 302 agrum
565 257 677 300 parat
685 263 771 287 uros
785 255 880 286 ante
893 251 1024 286 omnia
1039 250 1184 286 intueri
1196 253 1356 298 oportet

177 334 184 348 ‘
200 340 360 376 aquam,
377 329 495 370 viam,
508 329 678 363 vicinum
695 325 713 362 '.
763 324 925 376 Singula
941 337 1106 375 magnas
1119 327 1356 373 interpreta-

110 408 151 437 27
179 405 307 440 tiones
334 401 485 439 habent
507 415 580 438 nec
606 401 759 438 dubias.
814 400 916 437 Cato
942 402 981 436 in
1007 401 1262 436 conterminis
1284 398 1358 436 hoc

178 477 346 527 amplius
360 480 561 514 aestimari
575 477 702 520 iubet,
715 489 793 527 quo
806 481 925 525 pacto
938 478 1093 512 niteant
1111 475 1124 497 ¹
1139 487 1148 517 ;
1174 481 1183 496 ‘
1200 477 1239 511 in
1255 474 1358 511 bona

182 556 287 590 enim
304 553 480 603 '‚inquit‚
497 552 503 564 ¹
521 555 682 603 regione
699 552 802 589 bene
818 554 949 588 nitent
965 550 984 587 '.
1027 550 1170 587 Atilius
1184 549 1359 600 Regulus

180 628 244 665 ille
266 628 413 665 Punico
434 627 540 665 bello
564 628 622 664 bis
651 626 786 664 consul
815 626 949 663 aiebat
980 639 1110 676 neque
1131 625 1359 663 fecundissi-

179 706 251 741 mis
271 689 364 741 locis
394 703 635 740 insalubrem
657 716 797 753 agrum
825 702 1061 752 parandum,
1081 714 1211 751 neque
1233 699 1360 738 effetis

179 779 494 816 saluberrimum.
549 778 761 815 salubritas
780 777 853 815 loci
874 791 952 815 non
970 790 1128 827 semper
1146 775 1362 813 incolarum

179 855 307 892 colore
325 855 544 905 detegitur,
563 857 750 904 quoniam
768 854 925 891 adsueti
943 855 1066 890 etiam
1084 855 1123 889 in
1141 851 1362 902 pestilenti-

180 931 253 967 bus
277 930 436 967 durant.
491 936 704 980 praeterea
728 935 820 966 sunt
845 928 1043 979 quaedam
1068 927 1246 978 partibus
1271 929 1362 963 anni

180 1006 367 1050 salubria,
387 1005 482 1042 nihil
502 1011 638 1042 autem
659 1005 834 1042 salutare
855 1010 916 1041 est
936 1006 1008 1041 nisi
1029 1003 1135 1054 quod
1153 1008 1241 1040 toto
1260 1015 1363 1039 anno

113 1086 153 1118 28
179 1081 336 1118 salubre
376 1087 449 1118 est.
505 1081 512 1092 ‘
535 1081 667 1117 Malus
707 1086 767 1117 est
805 1093 901 1130 ager
937 1093 1027 1116 cum
1066 1092 1144 1129 quo
1182 1078 1363 1116 dominus

181 1156 384 1194 luctatur!
438 1157 540 1194 Cato
561 1159 666 1193 inter
689 1159 815 1206 prima
839 1157 1010 1205 spectari
1034 1154 1147 1191 iubet
1169 1160 1214 1191 ut
1238 1152 1363 1191 solum

183 1246 252 1269 sua
294 1235 442 1269 virtute
484 1232 616 1269 valeat
658 1245 735 1282 qua
776 1231 926 1268 dictum
969 1236 1030 1267 est
1070 1231 1280 1280 positione,
1320 1234 1365 1266 ut

182 1311 452 1358 operariorum
472 1310 585 1357 copia
606 1320 729 1357 prope
750 1309 799 1344 sit
821 1306 1091 1356 oppidumque
1113 1304 1301 1348 validum,
1321 1310 1365 1341 ut

184 1386 429 1434 navigiorum
452 1389 614 1420 evectus
637 1383 697 1419 vel
719 1385 922 1426 itinerum,
943 1388 987 1418 ut
1009 1381 1112 1418 bene
1133 1380 1365 1417 aedificatus

183 1465 223 1495 et
241 1459 384 1502 cultus,
402 1462 441 1495 in
459 1472 537 1509 quo
556 1458 638 1495 falli
655 1458 865 1508 plerosque
884 1457 1013 1500 video,
1030 1458 1243 1507 segnitiem
1261 1458 1365 1493 enim

184 1537 320 1584 prioris
351 1535 498 1571 domini
531 1547 601 1584 pro
633 1539 814 1583 emptore
846 1546 931 1570 esse
963 1532 1229 1569 arbitrantur:
1273 1529 1367 1568 nihil

183 1616 243 1647 est
274 1610 502 1647 damnosius
532 1610 692 1646 deserto
723 1622 830 1659 agro.
887 1611 1024 1658 itaque
1054 1607 1157 1644 Cato
1185 1607 1235 1644 de
1264 1606 1368 1643 bono

183 1685 344 1722 domino
389 1685 529 1722 melius
576 1687 668 1728 emi,
714 1697 786 1721 nec
831 1689 985 1721 temere
1030 1682 1367 1720 contemnendam

185 1760 356 1798 alienam
394 1760 656 1810 disciplinam.
694 1772 868 1809 agroque
907 1765 950 1796 ut
987 1757 1151 1802 homini,
1188 1759 1368 1808 quamvis

311 1858 320 1875 ¹
347 1857 524 1888 Caesarius
540 1868 555 1888 e
574 1859 695 1887 salone
711 1868 717 1887 ε
745 1856 864 1886 vivant
881 1855 950 1886 edd.
970 1858 1058 1886 veih:
1084 1854 1234 1885 iubeant.

562 2012 576 2026 ⁶
598 2006 669 2038 The
685 2007 788 2044 First,
808 2007 955 2037 204-:241
979 2014 1042 2038 ao.

563 2050 574 2067 '‘
598 2049 783 2082 Columella
803 2050 828 2081 1.
849 2050 893 2081 iii.

182 2114 250 2150 206
