1486 2359
137 431 177 463 28

138 800 178 831 2⁸.)

137 1416 179 1447 31»

402 141 595 178 PLINY:
649 141 911 179 NATURAL
948 142 1184 180 HISTORY

207 256 279 280 nec
306 245 434 293 gravis
463 248 532 279 aut
561 242 681 279 levior
709 245 813 279 iusto
841 242 1157 292 deprehenditur
1183 243 1381 293 pondere:

202 304 307 353 quod
339 306 442 340 enim
475 303 628 353 pondus
660 310 794 341 terrae
827 307 975 341 iustum
1007 304 1187 355 intellegi
1219 305 1382 355 potest?

203 378 332 415 neque
356 365 582 402 fluminibus
606 365 775 415 adgesta
798 379 958 416 semper
980 365 1201 410 laudabilis,
1223 366 1382 416 quando

203 433 412 463 senescant
443 433 529 463 sata
559 426 757 476 quaedam
788 441 935 477 aquosa
965 427 1061 464 sede
1083 428 1118 466 ¹:
1158 441 1288 478 neque
1317 427 1382 465 illa

202 501 305 538 quae
331 488 517 524 laudatur
539 488 607 524 diu
631 494 913 538 praeterquam
939 489 1046 525 salici
1071 489 1176 526 utilis
1199 492 1381 527 sentitur.

203 552 308 586 inter
325 556 562 599 argumenta
582 549 752 599 stipulae
771 550 991 587 crassitudo
1010 556 1085 594 est,
1103 556 1220 588 tanta
1238 551 1380 601 alioqui

202 613 241 647 in
274 611 471 648 Leborino
502 611 746 660 Campaniae
778 612 899 648 nobili
929 625 1071 661 campo
1100 618 1145 649 ut
1175 612 1269 663 ligni
1300 615 1383 649 vice

203 678 389 715 utantur3
435 673 506 709 sed
538 673 577 709 id
611 673 737 709 solum
774 673 1016 723 ubicumque
1050 673 1216 710 arduum
1249 687 1383 724 opere,

201 733 345 770 difficili
383 733 522 771 cultu²
552 734 663 770 bonis
698 737 775 771 suis
815 737 940 771 acrius
975 748 1102 784 paene
1133 748 1251 785 quam
1283 737 1384 772 vitiis

204 801 337 844 posset
358 795 509 845 adfligit
531 796 757 845 agricolam.
810 802 851 833 et
871 796 1143 841 carbunculus,
1159 810 1260 846 quae
1279 802 1385 834 terra

206 859 262 893 ita
291 857 485 900 vocatur,3
514 857 716 893 emendari
748 857 912 907 marga⁴
944 857 1120 900 videtur;
1159 871 1249 894 nam
1279 857 1384 895 tofus

204 924 370 955 naturae
391 918 406 941 ⁵
439 918 601 955 friabilis
632 921 837 968 expetitur
870 933 1028 969 quoque
1062 920 1111 956 ab
1145 920 1382 957 auctoribus.

204 979 401 1029 Vergilius
425 986 465 1016 et
489 993 594 1029 quae
618 980 761 1017 filicem
785 980 888 1017 ferat
911 994 991 1017 non
1014 982 1198 1030 inprobat
1220 982 1385 1026 vitibus;

203 1041 411 1091 salsaeque
447 1047 578 1078 terrae
608 1041 733 1078 multa
762 1041 902 1079 melius
929 1042 1159 1087 creduntur,
1186 1045 1335 1080 tutiora
1362 1056 1385 1080 a

208 1105 312 1139 vitiis
356 1105 646 1140 innascentium
690 1103 930 1140 animalium.
985 1117 1059 1141 nec
1101 1104 1222 1141 colles
1264 1117 1384 1154 opere

207 1162 408 1201 nudantur
442 1167 472 1201 si
508 1167 594 1214 quis
629 1167 757 1214 perite
794 1164 933 1209 fodiat,
970 1179 1043 1202 nec
1078 1168 1206 1216 campi
1243 1179 1380 1203 omnes

204 1228 330 1263 minus
353 1226 442 1263 solis
464 1233 585 1276 atque
605 1226 799 1276 perflatus
825 1240 951 1276 quam
969 1240 1065 1276 opus
1086 1230 1138 1264 sit
1165 1230 1385 1277 accipiunt;

208 1293 249 1323 ct
278 1288 472 1337 quasdam
501 1290 648 1337 pruinis
678 1302 723 1324 ac
752 1288 905 1325 nebulis
934 1291 1039 1338 pasci
1071 1289 1241 1326 diximus
1270 1291 1383 1326 vites.

202 1352 380 1386 omnium
405 1363 539 1386 rerum
563 1356 653 1386 sunt
679 1350 879 1399 quaedam
906 1353 945 1387 in
969 1350 1050 1387 alto
1072 1357 1227 1388 secreta
1251 1357 1293 1388 et
1316 1365 1385 1389 suo

204 1413 345 1461 cuique
393 1411 511 1448 corde
562 1411 818 1460 pervidenda.
884 1412 978 1461 quid
1026 1412 1131 1461 quod
1180 1419 1386 1450 mutantur

207 1486 327 1522 saepe
353 1473 525 1509 iudicata
551 1486 709 1522 quoquc
735 1479 776 1510 ct
807 1473 873 1510 diu
902 1474 1119 1523 conperta?
1136 1474 1151 1497 ⁸
1202 1477 1242 1511 in
1265 1473 1386 1512 Thes-

205 1534 301 1570 salia
336 1537 437 1570 circa
474 1534 650 1570 Larisam
686 1537 828 1571 emisso
863 1535 949 1571 lacu
984 1535 1162 1585 frigidior
1195 1535 1303 1573 facta
1337 1549 1386 1573 ea

208 1598 316 1645 regio
353 1602 427 1639 cst,
462 1595 656 1645 oleaeque
694 1596 899 1633 desierunt
935 1610 1037 1646 quac
1073 1599 1178 1646 prius
1214 1597 1385 1643 fuerant,

259 1676 267 1693 ¹
293 1676 457 1706 Racklmm
475 1688 480 1706 :
507 1686 597 1715 aqua
614 1675 672 1706 sed
690 1679 813 1716 (aquae
830 1676 932 1708 sede?
960 1677 1136 1717 Mayhoff).

257 1719 268 1736 ²
292 1718 432 1758 [difficili
450 1718 584 1757 cultul?
611 1719 777 1749 Rara-leam

257 1761 269 1779 ⁸
293 1763 394 1801 [quac
419 1786 425 1793 .
453 1787 459 1792 .
486 1787 492 1792 .
519 1764 699 1801 vocaturl?
719 1762 898 1793 Rari-Imm

255 1805 268 1823 ⁴
291 1815 407 1840 marna
428 1805 567 1835 Usener:
594 1804 788 1835 videmncra
803 1809 830 1835 et
847 1804 915 1835 alia
933 1805 1080 1839 (intenta
1098 1817 1177 1837 cura
1196 1806 1374 1847 Mayhoff).

259 1847 270 1866 ⁶
297 1847 469 1887 ,llayhassz
511 1852 635 1878 natura
666 1847 846 1888 Detlesaen:
886 1848 1003 1879 scaber
1035 1853 1159 1880 natura
1191 1848 1259 1881 edd.
1294 1853 1383 1882 νοέω

211 1890 329 1921 scaber
346 1902 383 1919 :w
401 1890 520 1928 Sillim
547 1896 663 1921 satura
682 1901 721 1921 ac
737 1894 795 1922 (ml
812 1895 907 1921 satur
923 1901 972 1922 ac.

256 1934 268 1952 ⁸
294 1934 423 1965 Molem:
451 1944 650 1974 compressa.

652 2019 666 2032 ⁰
692 2014 763 2045 Rcd
781 2025 814 2044 sa
821 2014 973 2046 ndstone.

208 2071 252 2095 20
