1486 2359
98 821 158 851 144

98 1240 159 1271 145

100 1657 159 1688 146

387 155 575 192 PLINY:
628 154 891 192 NATURAL
929 153 1165 192 HISTORY

184 259 339 296 eadem.
394 260 566 307 perticas
589 270 639 294 ex
661 269 709 294 ea
729 256 844 294 caedi
866 259 1014 294 iustum
1037 262 1098 294 est
1120 262 1263 306 quarto
1285 255 1368 294 fere

185 340 311 370 anno;
344 333 385 364 et
408 327 484 364 hae
507 333 644 364 autem
671 329 965 364 senescentium
994 325 1125 363 locum
1150 329 1368 377 propagine

184 401 358 434 sarciunt
402 396 611 446 praecisa¹
655 403 744 446 post
789 410 949 433 annum.
1004 395 1133 433 salicis
1177 395 1370 433 viminalis

184 471 322 518 iugera
375 466 530 516 singula
583 467 781 503 sufficiunt
834 478 907 502 xxv
960 469 1102 503 vineae
1154 466 1369 516 iugeribus.

186 537 363 574 eiusdem
399 539 454 572 rei
486 549 606 573 causa
641 535 809 585 populus
843 535 936 571 alba
968 538 1113 572 seritur
1145 535 1371 585 bipedaneo

186 609 401 656 pastinato,
417 604 525 642 talea
541 604 824 655 sesquipedali,
841 604 961 641 biduo
977 607 1140 648 siccata,
1155 604 1370 654 palmipedi

187 674 408 718 intervallo,
455 680 563 712 terra
612 677 882 724 superiniecta
930 673 1099 711 duorum
1147 674 1371 712 cubitorum

183 745 458 782 crassitudine.

236 814 429 851 XXXIII.
461 813 653 851 Harundo
679 816 804 851 etiarn
830 813 1017 851 dilutiore
1044 827 1165 864 quam
1188 812 1266 851 hae
1290 813 1372 851 solo

185 885 350 936 gaudet.
404 887 549 921 seritur
592 883 713 920 bulbo
757 884 913 928 radicis,
957 884 1064 934 quod
1106 883 1171 920 alii
1215 883 1371 921 oculum

186 960 344 998 vocant,
364 953 590 992 dodrantali
611 954 763 997 scrobe,
785 953 996 991 intervallo
1016 954 1139 991 duum
1161 953 1310 1004 pedum
1330 960 1372 992 et

186 1024 422 1074 semipedi83
465 1024 718 1073 reficiturque
747 1037 796 1060 ex
824 1036 911 1060 sese
940 1029 1077 1060 vetere
1105 1023 1373 1061 harundineto

187 1097 422 1144 exstirpato,
436 1093 541 1144 quod
559 1093 692 1130 utilius
711 1100 914 1143 repertum
931 1107 1051 1144 quam
1066 1099 1256 1138 castrare,
1271 1096 1372 1131 sicut

187 1171 331 1207 antea;
365 1177 538 1214 namque
566 1166 670 1200 intcr
700 1177 741 1200 se
774 1163 926 1201 radices
956 1170 1122 1213 serpunt
1152 1170 1372 1214 mutuoque

184 1234 353 1272 decursu
398 1240 604 1270 necantur.
659 1240 819 1282 tempus
863 1233 1098 1270 conserendi
1141 1236 1372 1284 priusquam

186 1303 287 1341 oculi
322 1303 587 1340 harundinum
623 1305 908 1346 intumescant,
943 1308 1038 1340 ante
1072 1302 1151 1340 kal.
1189 1302 1370 1340 Martias.

186 1375 327 1410 crescit
351 1373 402 1410 ad
425 1373 606 1410 brumam
633 1386 773 1422 usque,
796 1372 1024 1422 desinitque
1047 1385 1138 1409 cum
1162 1372 1372 1410 durescere

188 1446 349 1492 incipit:
394 1442 465 1480 lioc
495 1445 650 1489 signum
680 1444 963 1491 tempestivam
992 1441 1117 1479 habet
1144 1454 1373 1486 caesuram3

188 1519 228 1549 et
247 1511 349 1549 hanc
368 1518 502 1548 autem
523 1514 707 1561 quotiens
727 1517 767 1548 et
787 1514 944 1548 vineam
963 1511 1193 1548 fodiendam
1212 1517 1370 1561 putant.

187 1585 331 1619 seritur
350 1588 391 1618 et
410 1588 602 1623 traversa,
623 1595 698 1617 non
719 1580 801 1618 alte
819 1587 927 1618 terra
946 1581 1122 1625 condita,
1141 1587 1372 1631 erumpunt,-

186 1665 263 1702 que
303 1665 324 1688 e
363 1651 525 1701 singulis
563 1651 684 1687 oculis
718 1651 888 1688 totidem
922 1651 1099 1701 plantae.
1153 1654 1298 1688 seritur
1330 1657 1372 1688 et

187 1721 425 1771 deplantata
464 1720 595 1770 pedali
634 1720 755 1764 sulco,
793 1721 894 1757 binis
932 1721 1083 1758 obrutis
1121 1723 1289 1771 gemmis
1327 1727 1371 1758 ut

188 1794 330 1828 tertius
364 1791 488 1828 nodus
522 1797 670 1827 terram
703 1793 896 1841 attingat,
927 1804 1051 1840 prono
1082 1793 1288 1827 cacumine
1321 1803 1370 1827 ne

188 1874 293 1898 rores
323 1863 534 1910 concipiat.
588 1860 771 1897 caeditur
799 1860 1057 1897 decrescente
1089 1860 1194 1897 luna.
1249 1863 1370 1897 vineis

188 1930 296 1967 fumo
309 1930 324 1953 ²
343 1933 490 1966 siccata
507 1929 637 1966 utilior
651 1943 770 1979 quam
786 1929 930 1966 viridis.

263 2026 273 2044 ¹
300 2026 455 2066 Mayhoff
466 2038 472 2057 ε
499 2026 638 2066 pertica.
773 2024 786 2043 ¹
811 2025 986 2057 Schneider
1001 2036 1040 2057 ex
1055 2025 1153 2066 Geop.
1171 2038 1177 2057 :
1203 2036 1303 2058 anno.

189 2093 256 2118 100
