1486 2359
125 357 168 389 69

134 844 169 869 m

397 143 589 180 PLINY:
637 143 899 180 NATL'RAL
938 143 1174 181 HISTORY

194 245 396 283 frumento
413 248 453 282 in
468 251 609 295 potum
626 245 800 282 resoluto
817 245 958 295 quibus
976 245 1147 282 diximus
1164 245 1377 296 generibus

194 313 334 348 spuma
366 302 422 335 ita
453 305 640 335 concreta
671 312 742 347 pro
773 298 973 335 fermento
1005 305 1186 342 utuntur,
1217 312 1297 349 qua
1327 299 1377 337 de

194 366 314 390 causa
348 352 468 389 levior
500 351 574 389 illis
604 366 724 402 quam
748 355 892 389 ceteris
916 355 1029 402 panis
1055 358 1128 389 est.
1183 358 1245 389 est
1269 352 1377 389 diffe-

194 408 323 442 rentia
344 412 386 442 et
405 405 562 446 calami,
578 408 743 442 crassior
763 408 910 455 quippe
931 405 1102 442 melioris
1123 411 1184 442 est
1203 408 1373 455 generis.

195 459 371 509 plurimis
393 461 536 495 tunicis
559 458 771 495 Thracium
794 462 971 509 triticum
995 461 1163 496 vestitur
1184 459 1235 496 ob
1258 461 1378 496 nimia

194 513 340 563 frigora
382 512 436 548 illi
479 512 624 562 plagae
666 512 932 562 requisitum.¹
989 512 1132 549 eadem
1173 526 1294 549 causa
1337 518 1377 549 et

193 565 451 603 trimenstre²
472 568 624 602 invenit
647 565 922 602 detinentibus
948 571 1076 602 terras
1098 565 1251 602 nivibus
1272 566 1378 616 quod

193 622 315 656 tertio
328 619 412 656 fere
425 632 448 655 a
461 625 551 656 satu
565 632 702 656 mense
715 632 805 655 cum
819 622 913 656 etin
927 618 1078 669 reliquo
1091 619 1186 656 orbe
1199 621 1376 656 metitur.

193 675 289 709 totis
324 671 397 709 hoc
432 672 599 722 Alpibus
634 678 788 716 notum,
823 678 864 709 et
899 671 1136 709 hiemalibus
1170 675 1377 722 provinciis

195 726 345 763 nullum
365 725 438 763 hoc
457 725 660 763 frumento
678 726 845 768 laetius3
880 726 1148 762 unicalamum
1167 731 1377 775 praeterea

196 794 268 817 nec
295 793 464 830 usquam
490 793 633 829 capax,
659 782 883 829 seriturque
912 793 990 815 non
1019 782 1090 816 nisi
1118 781 1230 816 tenui
1256 785 1377 816 terra.

196 840 256 870 est
273 839 314 870 et
333 833 522 870 bimestre
542 836 644 870 circa
659 832 852 870 Thraciae
869 833 1042 877 Aenum,
1058 832 1164 883 quod
1181 845 1228 869 xl.
1244 832 1309 870 die
1327 832 1376 869 e³

196 900 274 937 quo
295 893 430 924 satum
454 893 514 924 est
538 889 785 930 maturescit,
808 889 1032 936 mirumque
1056 886 1152 923 nulli
1175 885 1377 923 frumento

195 940 281 989 plus
303 953 389 977 esse
409 940 595 990 ponderis
617 946 659 977 et
679 939 894 977 furfuribus
915 952 1065 976 carere.
1120 942 1248 976 utitur
1268 952 1316 976 eo
1337 945 1378 976 et

195 993 325 1031 Sicilia
341 1000 384 1031 et
400 993 566 1038 Achaia,
582 996 800 1030 montuosis
817 999 987 1043 utraque
1003 993 1198 1042 partibus,
1214 992 1377 1030 Euboea

196 1061 354 1097 quoque
368 1049 471 1084 circa
485 1047 711 1097 Carystum.
766 1049 806 1083 in
819 1052 980 1083 tantum
995 1046 1146 1083 fallitur
1159 1045 1377 1083 Columella

196 1103 261 1151 qui
278 1114 328 1138 ne
343 1103 534 1137 trimestri
550 1100 712 1150 quidem
728 1103 930 1150 proprium
945 1113 1071 1150 genus
1087 1102 1378 1136 existimaverit

196 1168 296 1197 esse,
309 1168 399 1191 cum
413 1157 464 1191 sit
478 1157 809 1204 antiquissimum.
865 1154 1009 1190 Graeci
1021 1156 1206 1190 setanion
1220 1159 1377 1190 vocant.

194 1208 360 1244 tradunt
381 1210 421 1244 in
441 1208 594 1245 Bactris
615 1221 741 1258 grana
759 1213 902 1244 tantae
923 1207 1208 1257 magnitudinis
1230 1207 1314 1244 fieri
1335 1212 1379 1243 ut

196 1261 351 1312 singula
368 1264 495 1311 spicas
513 1267 668 1298 nostras
687 1267 876 1311 aequent.

246 1315 362 1351 XIII.
393 1314 568 1351 Primum
624 1327 674 1351 ex
729 1315 911 1351 omnibus
966 1313 1177 1350 frumentis
1233 1315 1380 1350 seritur

195 1367 401 1406 hordeum.
456 1368 639 1405 dabimus
673 1373 715 1405 et
747 1368 831 1405 dies
863 1367 1033 1405 serendo
1065 1370 1208 1417 cuique
1240 1369 1378 1417 generi

196 1428 339 1459 natura
357 1422 601 1472 singulorum
621 1424 815 1471 exposita.
869 1420 1062 1458 hordeum
1083 1421 1190 1458 Indis
1207 1423 1378 1458 sativum

197 1482 238 1512 et
251 1476 444 1519 silvestre,
456 1489 504 1512 ex
520 1489 598 1525 quo
611 1478 724 1524 panis
738 1475 845 1524 apud
859 1488 926 1511 eos
939 1477 1177 1524 praecipuus
1191 1480 1234 1511 et
1247 1473 1380 1511 alica.⁴

248 1569 255 1586 ¹
282 1569 468 1599 Rari-Imm:
486 1569 705 1608 exquisitum.
787 1568 799 1586 ²
824 1567 933 1598 halec.
948 1580 954 1598 :
972 1567 1167 1599 trimestria.

244 1611 257 1629 ³
281 1623 299 1642 e
315 1612 390 1643 mid.
409 1612 571 1652 Mall'fflss·
783 1611 796 1629 ⁴
821 1611 1015 1642 Mardonia:
1034 1611 1235 1651 praecipuus
1247 1609 1378 1641 Italica.

241 1724 255 1738 ⁰
279 1720 360 1751 This
383 1720 422 1751 of
441 1731 558 1751 course
582 1721 609 1750 is
632 1730 675 1751 an
699 1719 803 1750 absur
825 1719 847 1750 d
870 1719 1194 1760 exaggeratiomthe
1210 1717 1377 1759 quickest-

196 1764 345 1804 growing
364 1763 486 1800 wheat,
505 1763 588 1794 used
606 1763 658 1794 for
674 1762 831 1803 example
850 1763 882 1793 in
901 1762 1073 1793 Northern
1091 1762 1241 1798 Canada,
1261 1761 1379 1802 taking

197 1807 262 1837 five
280 1806 429 1837 months.

242 1848 255 1868 ⁶
278 1849 438 1884 Σιτανίας.
487 1849 578 1880 Here
590 1859 610 1879 a
628 1859 785 1879 common
799 1858 836 1877 or
848 1858 866 1878 a
885 1847 1110 1884 club-wlieat;
1136 1847 1198 1878 but
1211 1846 1270 1878 the
1286 1846 1378 1878 word

203 1903 271 1922 was
287 1892 360 1923 also
376 1891 459 1923 used
476 1892 529 1923 for
544 1903 564 1923 a
582 1897 589 1908 ¹
602 1892 747 1932 poulard
759 1892 766 1902 ’
785 1891 908 1922 whcat.

242 1942 251 1951 ²
275 1935 542 1976 Theophrastus,
566 1936 654 1966 Ili-st.
674 1935 783 1966 I'lant.
803 1937 832 1965 8.
851 1937 881 1970 4,
901 1937 930 1969 Γ),
949 1944 1027 1974 says
1044 1944 1081 1963 as
1100 1933 1154 1974 big
1178 1943 1214 1964 as
1231 1943 1273 1964 an
1291 1932 1379 1964 olive

198 1984 306 2009 sione.

243 2022 257 2039 ‘¹
280 2021 378 2053 Alica
395 2031 463 2051 was
480 2020 648 2061 normally
665 2024 781 2062 grouts
799 2020 897 2050 made
914 2019 998 2050 from
1017 2018 1239 2060 two-gruined
1256 2017 1378 2050 wheat.

198 2094 265 2129 234
