1486 2359
137 553 198 584 178

136 1424 196 1456 179

429 155 617 192 PLINY:
671 155 933 192 NATURAL
971 155 1207 194 HISTORY

227 258 375 295 habeat
398 258 463 294 illa
486 261 586 295 vires
609 259 702 296 dum
726 258 948 302 roboratur,
971 265 1013 296 et
1036 272 1186 296 annuos
1210 262 1378 310 accipiet
1393 260 1405 283 ¹

226 337 314 368 tota
338 331 443 367 fctus
466 345 556 368 cum
579 334 813 380 permis<um
839 330 956 367 fuerit
981 334 1110 368 nasci:
1146 331 1240 368 nihil
1265 337 1406 369 natura

227 404 473 453 portionibus
486 406 602 452 parit.
647 417 749 453 quae
763 407 983 440 excreverit
995 406 1091 440 satis
1106 404 1217 440 firma
1228 407 1407 454 protinus

228 479 266 512 in
289 479 380 525 iugo
402 475 582 512 collocari
606 476 785 519 debebit,
808 479 839 512 si
863 479 1083 512 etiamnum
1108 477 1296 514 infirmior
1319 479 1407 519 erit,

225 548 297 584 sub
327 551 410 597 ipso
440 551 532 598 iugo
561 547 751 597 hospitari
781 551 918 585 recisa.
973 549 1131 592 viribus,
1162 563 1238 585 non
1268 555 1407 586 aetate

228 621 482 657 decernitur:
528 624 787 658 temerarium
843 627 904 658 est
965 626 1059 658 ante
1105 622 1407 659 crassitudinem

227 693 454 743 pollicarem
489 696 558 730 viti
593 696 801 743 imperare.
856 699 1052 744 sequente
1086 706 1190 730 anno
1223 694 1407 744 palmites

227 765 479 803 educentur²
510 780 580 815 pro
613 766 757 802 viribus
792 769 928 803 matris
961 766 1103 817 singuli
1136 773 1204 803 aut
1236 769 1407 817 gemini3

226 839 344 875 iidem
368 845 409 875 et
429 844 566 876 secuto
587 842 617 875 si
638 845 755 886 coget
778 839 985 876 infirmitas
1008 842 1248 882 nutriantur,
1268 842 1408 876 tertio-

228 925 305 961 quc
320 912 482 948 demum
497 911 575 948 duo
590 911 833 954 adiciantur3
862 925 934 948 nec
949 918 1041 948 sunt
1055 911 1186 961 plures
1202 914 1407 962 quaternis

226 998 416 1034 uniquam
439 984 714 1034 permittendi,
739 985 992 1035 breviterque
1018 998 1095 1021 non
1119 984 1407 1035 indulgendum

226 1062 267 1093 et
298 1070 455 1106 semper
485 1056 703 1094 inhibenda
728 1056 966 1094 fecunditas.
1023 1063 1065 1094 et
1094 1070 1143 1094 ea
1173 1063 1234 1094 est
1263 1063 1408 1094 natura

226 1135 270 1166 ut
307 1142 448 1179 parere
483 1129 596 1166 malit
635 1143 754 1179 quam
792 1129 1172 1180 vivere—quidquid
1214 1132 1407 1166 materiae

224 1202 412 1239 adimitur
453 1201 597 1239 fructui
639 1203 816 1245 ziecedit3
871 1202 937 1239 illa
978 1216 1019 1239 se
1061 1201 1213 1239 mavult
1229 1202 1244 1225 ³
1285 1215 1405 1253 quam

225 1275 399 1311 fructum
426 1278 550 1325 gigni,
577 1278 762 1325 quoniam
791 1275 941 1312 fructus
966 1275 1117 1312 caduca
1142 1287 1204 1312 res
1231 1280 1315 1319 est3
1353 1278 1407 1312 sic

225 1350 443 1396 perniciose
464 1347 653 1391 luxuriat,
675 1361 746 1384 nec
767 1347 933 1397 ampliat
954 1361 995 1385 se
1017 1348 1087 1385 sed
1109 1351 1249 1398 egerit.

276 1420 401 1457 Dabit
424 1420 630 1457 consilium
655 1426 697 1457 et
719 1420 791 1457 soli
814 1426 980 1457 natura:
1018 1423 1057 1457 in
1081 1433 1227 1463 macro,
1250 1422 1405 1458 etiamsi

226 1495 326 1529 vires
352 1491 532 1536 habebit,
556 1495 680 1529 recisa
706 1495 810 1529 intra
835 1495 971 1542 iugum
997 1499 1187 1537 moretur,
1213 1498 1256 1529 ut
1281 1495 1406 1529 omnis

226 1565 357 1601 fetura
375 1565 447 1602 sub
465 1578 513 1602 eo
531 1571 663 1601 exeat.
719 1568 925 1602 minimum
944 1565 982 1602 id
1001 1578 1086 1602 esse
1103 1565 1268 1602 debebit
1286 1568 1407 1602 inter-

278 1637 386 1681 llum,
416 1644 461 1674 ut
492 1641 669 1687 attingat
701 1641 837 1687 iugum
867 1637 1115 1688 speretque‚‘²
1145 1651 1222 1674 non
1252 1644 1406 1681 teneat,

226 1710 315 1747 ideo
331 1710 346 1733 ⁵
362 1723 440 1747 non
454 1711 661 1747 recumbat
678 1713 716 1746 in
734 1724 781 1747 eo
797 1723 868 1747 nec
883 1710 1055 1747 delicate
1070 1723 1111 1747 se
1126 1716 1302 1760 spargat.
1350 1712 1405 1747 ita

267 1837 278 1856 ¹
304 1837 479 1877 Mayhoss:
505 1837 639 1878 accipit.

266 1881 278 1899 ²
304 1880 460 1920 Maylmfj
473 1880 662 1920 (salventur
681 1879 873 1911 Hardouin:
900 1879 964 1911 alii
980 1879 1065 1920 alia)
1082 1892 1088 1910 :
1114 1879 1315 1911 salutentur.

263 1923 276 1942 ⁸
301 1923 464 1963 Dellessen
481 1935 487 1954 ε
513 1924 643 1954 semina
659 1922 794 1954 mavult
809 1923 858 1955 cd.
875 1924 954 1955 Par.
969 1923 1041 1954 Lat.
1058 1923 1142 1955 6797
1157 1935 1165 1955 ε
1199 1933 1225 1954 e.
1244 1922 1319 1954 vult
1335 1923 1403 1955 rell.

264 1966 277 1985 ⁴
301 1965 432 1997 Gelam:
457 1970 672 2007 superetque.

266 2009 278 2026 ⁵
304 2010 402 2041 ideo?
421 2009 595 2050 Maykoff:
621 2009 716 2041 adeo.

225 2089 290 2113 122
