1486 2359
234 488 503 538 I’LINII:
554 488 970 538 NATURALIS
1013 484 1406 537 HISTORIAE

624 659 826 705 LIBER
877 659 1015 705 XVII

283 774 311 811 I.
343 775 509 813 NATURA
531 775 714 812 arborum
739 781 846 812 terra
869 776 1047 823 marique
1069 779 1212 823 sponte
1233 786 1303 811 sua
1323 786 1406 823 pro-

232 863 475 898 venientium
510 861 618 898 dicta
652 867 735 904 cst3
782 866 909 898 restat
942 873 1079 897 earum
1112 873 1216 910 quae
1249 865 1335 896 arte
1368 864 1409 896 et

232 946 412 983 humanis
438 950 605 997 ingeniis
632 946 731 984 fiunt
757 949 886 984 verius
911 959 1032 997 quam
1057 951 1286 983 nascuntur.
1339 944 1410 982 sed

232 1035 336 1081 prius
370 1036 500 1070 mirari
535 1036 727 1070 succurrit
761 1046 840 1083 qua
875 1032 1082 1069 retulimus
1115 1034 1308 1082 paenuria
1340 1044 1411 1081 pro

232 1118 395 1155 indiviso
411 1132 610 1169 possessas
626 1132 647 1155 a
667 1119 774 1164 feris,
787 1119 1049 1170 depugnante
1066 1132 1156 1155 cum
1174 1117 1234 1155 his
1251 1116 1411 1155 homine

230 1207 332 1241 cirea
359 1205 528 1242 caducos
556 1205 721 1250 fructus,
748 1208 852 1242 eirea
879 1205 1106 1255 pendentes
1135 1217 1226 1241 vero
1253 1210 1296 1242 et
1321 1217 1411 1241 cum

231 1291 404 1336 alitibus,
417 1294 455 1328 in
472 1298 588 1329 tanta
604 1291 836 1329 deliciarum
852 1294 982 1341 pretia
1002 1293 1170 1335 venisse,
1184 1290 1412 1334 clarissimo,

232 1383 274 1414 ut
305 1377 491 1427 equidem
523 1378 705 1422 arbitror,
735 1377 922 1428 exemplo
953 1377 996 1414 L.
1028 1377 1155 1414 Crassi
1187 1383 1309 1427 atque
1339 1376 1410 1413 Cn.

193 1468 211 1498 2
231 1463 396 1501 Domitii
427 1463 696 1501 Ahenobarbi.
752 1464 914 1501 Crassus
944 1469 1077 1500 orator
1107 1463 1181 1500 fuit
1210 1465 1250 1500 in
1278 1465 1412 1513 primis

232 1552 398 1586 nominis
421 1550 610 1594 Romani;
646 1550 787 1587 domus
809 1552 844 1587 ei
867 1549 1094 1600 magnifica,
1115 1549 1186 1586 sed
1208 1548 1412 1599 aliquanto

231 1639 498 1685 praestantior
519 1639 556 1672 in
579 1636 723 1673 eodem
746 1634 899 1673 Palatio
920 1636 968 1682 Q.
991 1635 1123 1672 Catuli
1145 1638 1213 1685 qui
1235 1635 1412 1673 Cimbros

230 1735 319 1758 cum
341 1722 383 1758 C.
409 1722 537 1759 Mario
559 1722 675 1767 fudit,
697 1722 823 1759 multo
845 1735 937 1760 vero
958 1721 1198 1771 pulcerrima
1217 1735 1411 1759 consensu

230 1810 405 1844 omnium
427 1814 563 1845 aetate
585 1821 633 1845 ea
653 1811 691 1845 in
707 1808 807 1845 colle
829 1807 1012 1844 Viminali
1034 1807 1077 1844 C.
1099 1807 1247 1857 Aquilii
1268 1809 1412 1857 equitis

231 1892 397 1930 Romani
417 1893 590 1931 clarioris
610 1894 675 1931 illa
696 1897 818 1931 etiam
841 1907 961 1943 quam
982 1896 1074 1931 iuris
1093 1893 1214 1930 civilis
1233 1895 1412 1938 scientia,

414 2043 427 2056 '¹
449 2038 519 2069 Τὴν
539 2039 645 2069 battle
662 2038 770 2069 ofthe
790 2038 943 2070 Raudine
962 2038 1067 2075 I'IaIn,
1089 2038 1140 2070 10}
1167 2047 1231 2071 1³.c.
