1486 2359
117 258 180 290 249

120 983 183 1014 250

413 150 579 188 PLINY
593 163 602 186 :
654 149 918 187 NATURAL
956 149 1190 187 HISTORY

258 253 343 291 XL.
375 254 500 303 Rigua
518 255 679 290 aestivis
697 253 907 302 vaporibus
926 252 1053 294 utilia,
1071 251 1201 290 hieme
1219 255 1392 296 inimica,

208 332 400 362 autumno
413 328 518 362 varie
531 331 571 362 et
585 338 606 362 e
618 331 760 361 natura
772 324 857 367 soli,
870 327 1016 375 quippe
1027 338 1117 361 cum
1130 325 1393 363 vindemiator

210 398 490 447 Hispaniarum
527 403 743 447 stagnante
777 396 861 434 solo
896 410 990 434 uvas
1025 397 1223 440 demetat,
1256 404 1392 436 cetero

209 474 357 507 maiore
385 474 424 507 in
453 476 567 520 parte
595 470 699 506 orbis
727 472 851 506 etiam
880 469 1031 518 pluvias
1060 472 1240 506 autumni
1269 483 1392 521 aquas

208 543 387 579 derivare
403 542 645 580 conveniat.¹
698 544 801 579 circa
817 544 924 579 canis
941 548 1072 578 ortum
1091 544 1203 593 rigua
1219 545 1392 580 maxime

209 622 388 665 prosunt,
408 629 452 652 ac
474 629 524 652 ne
543 621 630 652 tum
647 615 809 665 quidem
830 617 965 658 nimia,
980 617 1168 664 quoniam
1188 615 1393 653 inebriatis

210 688 404 724 radicibus
461 694 619 724 nocent.
685 693 727 724 et
783 693 895 724 aetas
951 686 1112 723 modum
1168 692 1394 737 temperat;

211 760 390 797 novellae
439 762 544 797 enim
593 762 721 796 minus
769 761 923 796 sitiunt.
978 758 1209 797 desiderant
1256 766 1392 798 autem

210 835 383 869 maxime
419 835 537 882 rigari
575 845 678 882 quae
713 831 946 874 adsuevere,
980 837 1120 868 contra
1155 834 1266 869 siccis
1300 831 1394 870 locis

210 909 347 954 genita
368 918 446 941 non
467 911 664 954 expetunt
687 917 863 941 umorem
886 906 955 940 nisi
978 906 1258 942 necessarium.

263 977 368 1014 XLI.
399 979 612 1027 Asperiora
659 980 749 1014 vina
796 979 912 1026 rigari
961 979 1099 1027 utique
1144 979 1311 1027 cupiunt
1355 980 1395 1015 in

211 1051 471 1087 Sulnmnense
498 1049 641 1087 Italiae
667 1063 776 1100 agro,
799 1062 904 1099 pago
932 1049 1122 1092 Fabiano,
1147 1049 1212 1086 ubi
1237 1056 1279 1087 et
1303 1063 1394 1087 arva

213 1126 340 1173 rigant
357 1135 366 1165 ;
400 1125 638 1172 mirumque,
658 1121 807 1159 herbae
827 1135 929 1171 aqua
950 1121 1014 1157 illa
1035 1128 1242 1166 necantur,
1261 1121 1395 1174 fruges

212 1195 372 1232 aluntur
403 1202 444 1232 et
477 1198 610 1246 riguus
642 1208 713 1245 pro
744 1194 897 1231 sarculo
929 1201 1002 1231 est.
1058 1197 1096 1231 in
1128 1195 1271 1232 eodem
1301 1209 1396 1246 agro

213 1269 367 1311 bruma,
383 1274 500 1304 tanto
517 1270 644 1317 magis
661 1270 692 1304 si
712 1270 819 1304 nives
837 1269 997 1304 iaceant
1014 1266 1188 1317 geletve,
1207 1280 1256 1305 ne
1273 1267 1395 1319 frigus

214 1344 313 1378 vites
334 1340 492 1383 adurat,
511 1339 835 1377 circumfundunt
858 1342 992 1390 riguis,
1013 1339 1119 1390 quod
1141 1340 1193 1376 ibi
1213 1340 1396 1390 tepidare

213 1420 371 1456 vocant,
411 1413 656 1450 memorabili
697 1419 841 1449 natura
879 1415 919 1448 in
957 1425 1074 1449 amne
1112 1412 1218 1457 solis,
1255 1413 1396 1451 eodem

213 1493 369 1523 aestate
389 1489 453 1522 vix
472 1485 668 1522 tolerandi
688 1487 838 1535 rigoris,

262 1558 391 1594 XLII.
422 1557 659 1595 Carbunculi
691 1572 737 1595 ac
770 1557 993 1607 robiginum
1027 1557 1204 1595 remedia
1233 1557 1394 1596 demon·

213 1631 425 1668 strabimus
457 1631 654 1667 volumine
684 1633 875 1680 proximo.
932 1633 1091 1667 interim
1120 1636 1182 1668 est
1211 1636 1253 1668 et
1279 1633 1397 1669 scari-

213 1703 351 1754 phatio
377 1703 576 1753 quaedam
603 1706 642 1739 in
670 1703 868 1746 remediis,
895 1716 985 1739 cum
1012 1705 1139 1740 macie
1164 1706 1320 1741 corticis
1347 1716 1395 1741 ex

214 1776 465 1827 aegritudine
507 1775 784 1825 adstringente
825 1788 867 1812 se
908 1777 1092 1825 iustoque
1134 1774 1219 1825 plus
1261 1775 1396 1813 vitalia

595 1870 607 1888 ¹
630 1869 821 1900 Raclclaeam:
847 1869 1017 1900 convenit.

550 2015 563 2028 '⁸
585 2011 721 2049 Sagrus,
741 2019 814 2041 now
835 2009 891 2040 the
908 2010 1048 2049 Sangro.

218 2084 283 2118 ¹7²
