1486 2359
145 438 185 467 >39

142 1178 178 1207 91

415 143 603 180 PLINY:
657 144 920 181 NATURAL
958 144 1193 182 HISTORY

216 247 359 289 reddit,
382 245 545 282 Italicae
565 246 720 283 duabus
740 246 916 283 tribusve
936 246 1104 296 amplius
1124 248 1163 283 in
1183 248 1392 297 artopticio

212 321 315 358 pane
330 321 337 344 :
369 321 462 344 nam
478 307 676 345 furnaceis
692 308 806 344 binas
823 308 998 345 adiciunt
1015 308 1133 345 libras
1148 310 1189 345 in
1205 321 1392 358 quocum-

211 383 289 419 que
309 382 470 419 genere.

263 431 450 481 Similago
494 444 516 468 e
558 434 690 468 tritico
738 431 796 475 fit,
837 431 1110 468 laudatissima
1152 444 1202 468 ex
1245 431 1391 469 Africa.

212 496 359 529 iustum
389 499 449 530 est
479 506 500 530 e
528 493 668 530 modiis
696 493 825 530 redire
852 493 1048 530 semodios
1069 498 1111 530 et
1130 492 1284 543 pollinis
1304 506 1392 530 sex-

210 557 331 591 tarios
348 557 633 605 quinque—ita
649 554 854 604 appellant
873 557 912 591 in
925 557 1058 592 tritico
1074 555 1180 605 quod
1196 554 1331 593 florem
1352 557 1391 592 in

211 616 387 665 siligine;
420 615 493 654 hoc
512 619 689 654 aerariae
707 617 885 654 officinae
903 615 1206 667 chartariaeque
1225 622 1393 654 utuntur

210 684 472 728 —praeterea
491 679 714 716 secundarii
740 681 933 716 sextarios
962 684 1153 728 quattuor
1180 678 1392 716 furfurum-

212 753 289 790 que
319 740 575 783 tantundem,
606 743 718 790 panis
751 753 843 778 vero
874 754 896 777 e
927 740 1062 777 modio
1093 740 1322 791 similaginis
1352 753 1390 790 p.

212 814 306 843 xm,
321 815 342 839 e
356 801 459 839 floris
473 802 604 839 modio
618 815 655 852 p.
670 814 746 839 xvi.
802 815 870 852 pre
878 804 975 838 tium
989 801 1078 839 huic
1091 815 1248 838 annona
1260 802 1392 840 media

211 867 250 900 in
273 863 424 901 modios
447 863 601 901 farinae
623 876 670 900 XL
692 877 812 907 asses,
835 863 1045 914 similagini
1067 866 1219 901 octonis
1241 863 1392 901 assibus

212 925 393 975 amplius,
441 925 583 976 siligini
631 931 835 963 castratae
884 925 1061 975 duplum.
1117 931 1178 963 est
1227 931 1269 963 et
1317 925 1393 963 alia

211 987 412 1024 distinctio
433 987 556 1024 semel
568 987 581 1010 ¹
600 987 834 1037 pollinatam
851 1000 931 1024 xvii
950 1001 987 1037 p.
1005 990 1118 1037 panis
1135 987 1317 1031 reddere,
1333 986 1392 1024 bis

211 1062 322 1092 xvm,
345 1055 408 1086 ter
431 1062 496 1086 nx
518 1063 608 1086 cum
632 1053 780 1087 triente
805 1055 846 1086 et
869 1049 1092 1087 secundarii
1115 1052 1229 1099 panis
1252 1052 1392 1100 quinas

211 1111 387 1155 selibras,
405 1111 575 1148 totidem
595 1112 744 1154 cibarii,
764 1117 806 1148 et
825 1111 1022 1148 furfurum
1040 1113 1235 1148 sextarios
1254 1124 1307 1148 vi.

262 1172 382 1221 Siligo
404 1187 622 1223 numquam
644 1176 877 1210 maturescit
899 1176 1063 1223 pariter,
1085 1186 1158 1210 nec
1180 1173 1258 1209 ulla
1280 1186 1392 1223 sege-

211 1241 296 1271 tum
328 1238 456 1272 minus
489 1235 722 1272 dilationem
753 1237 907 1285 patitur
937 1241 1102 1285 propter
1132 1237 1391 1273 teneritatem

211 1297 354 1345 spicis²
375 1310 477 1347 quae
502 1303 731 1334 maturuere
761 1299 940 1347 protinus
963 1310 1131 1348 granum
1156 1297 1393 1334 dimittenti-

213 1359 296 1395 bus.
337 1359 407 1396 scd
424 1361 552 1396 minus
569 1372 687 1409 quam
703 1365 840 1396 cetera
855 1358 1056 1396 frumenta
1077 1361 1115 1395 in
1131 1358 1277 1408 stipula
1292 1361 1392 1409 peri-

211 1420 385 1472 clitatur,
406 1423 592 1471 quoniam
623 1434 781 1470 semper
810 1427 961 1458 rectam
991 1420 1114 1457 habet
1142 1423 1290 1470 spicam
1320 1434 1392 1458 nec

212 1495 339 1519 rorem
360 1485 540 1519 continet
561 1485 627 1532 qui
648 1483 869 1533 robiginem
888 1482 1024 1519 faciat.
1080 1495 1129 1519 ex
1153 1485 1285 1520 arinca
1308 1483 1391 1520 dul-

211 1547 387 1581 cissimus
404 1547 538 1593 panis3
569 1547 653 1594 ipsa
670 1547 828 1594 spissior
847 1557 967 1594 quam
985 1544 1058 1588 far,
1072 1550 1114 1582 et
1134 1547 1258 1581 maior
1272 1547 1392 1594 spica,

212 1606 352 1642 cadem
389 1612 430 1643 et
459 1606 736 1656 ponderosior:
769 1620 857 1643 raro
887 1606 1040 1643 modius
1069 1609 1182 1654 grani
1216 1619 1294 1643 non
1328 1619 1390 1643 xvi

213 1667 328 1703 libras
350 1667 501 1718 implet.
556 1670 754 1705 exteritur
774 1670 813 1704 in
834 1667 1004 1705 Graecia
1032 1668 1255 1711 difficulter,
1275 1668 1326 1705 ob
1353 1669 1391 1705 id

213 1731 398 1766 iumentis
417 1729 502 1767 dari
521 1730 571 1766 ab
591 1729 766 1767 Homero
785 1730 915 1767 dicta:
948 1729 1046 1767 haec
1067 1732 1172 1766 enim
1191 1735 1252 1767 est
1271 1743 1390 1780 quam

469 1808 480 1827 ¹
504 1807 608 1839 semel
625 1808 800 1846 <tenuiore
818 1808 947 1847 cribro>
962 1810 974 1839 Τ
994 1807 1157 1848 Mayhoff.

468 1852 480 1869 ²
503 1850 692 1882 Rackham:
717 1851 767 1882 iis.

257 1947 270 1959 ⁶
296 1941 489 1982 Especially
507 1941 566 1973 the
583 1942 668 1974 flour
684 1942 770 1973 from
789 1941 873 1973 hard
889 1942 968 1973 bare
981 1942 1110 1973 wheats
1124 1952 1162 1973 or
1179 1946 1186 1959 ¹
1199 1942 1371 1973 macaroni
1382 1942 1389 1954 ’

217 1985 354 2015 wheats.
403 1985 453 2025 ('f.
473 1995 504 2025 p.
523 1986 598 2022 224,
615 1990 696 2016 note
713 1996 750 2022 ας
776 1995 808 2026 p.
826 1986 900 2021 2251,
918 1990 997 2016 note
1014 1996 1043 2015 a.

257 2027 268 2044 ‘¹
294 2028 384 2059 lliml
402 2028 440 2058 V.
462 2029 532 2059 196.

212 2081 281 2122 246
