1486 2359
403 136 591 173 I'LINY:
645 136 907 173 NATURAL
944 135 1180 173 HISTORY

110 245 172 276 218
252 240 447 276 Arborum
468 239 630 288 quidam
649 252 879 275 comumnes
899 239 1040 282 morbi,
1057 239 1218 288 quidam
1239 241 1378 289 privati

201 317 406 353 generum.
460 305 679 340 communis
720 303 991 339 vermiculatio
1029 309 1070 339 et
1109 303 1297 340 sideratio
1335 316 1380 340 ac

201 368 312 405 dolor
336 367 617 410 membrorum,
640 366 746 404 unde
768 369 942 416 partium
966 366 1166 411 debilitas,
1187 369 1380 404 societate

202 434 406 468 nominum
452 445 610 481 quoque
652 444 742 467 cuin
786 430 953 467 hominis
996 433 1184 468 miseriis:
1241 437 1381 469 trunca

201 496 366 533 dicimus
386 502 495 532 certe
515 508 678 545 corpora
699 502 740 532 et
760 494 892 532 oculos
912 497 1136 545 germinum
1156 502 1316 533 exustos
1335 509 1381 532 ac

111 565 174 595 219
201 560 327 596 multa
369 559 484 595 simili
528 566 647 595 sorte.
703 561 841 608 itaque
883 559 1066 596 laborant
1108 565 1149 596 et
1191 559 1297 597 fame
1338 566 1381 597 et

201 624 416 660 cruditate.
434 637 536 673 quac
556 624 654 660 fiunt
673 626 818 660 umoris
836 626 1082 673 quantitate,
1099 623 1231 674 aliqua
1248 624 1260 647 ¹
1291 636 1381 660 vero

202 695 243 724 et
275 689 488 730 obesitate,
521 694 563 724 ut
596 691 728 724 omnia
760 701 862 737 quae
894 690 1066 724 resinam
1096 687 1231 725 ferunt
1263 691 1381 725 nimia

202 753 480 802 pinguitudine
514 755 553 788 in
584 752 748 789 taedam
782 758 990 789 mutantur
1022 758 1078 796 et,
1109 766 1199 789 cum
1231 753 1381 790 radices

202 830 360 867 quoque
392 819 650 866 pinguescere
676 829 860 866 coepere,
890 819 1094 853 intereunt
1124 823 1168 853 ut
1196 817 1381 853 animalia

202 884 322 917 nimio
357 881 487 930 adipe,
522 880 736 931 aliquando
772 887 814 917 et
850 880 1080 930 pestilentia
1115 894 1187 930 per
1219 894 1382 932 genera,

202 948 303 982 sicut
323 947 427 981 inter
447 944 624 981 homines
646 958 748 981 nunc
769 948 929 982 servitia
951 958 1054 982 nunc
1075 944 1212 995 plebes
1232 946 1382 982 urbana

204 1009 263 1046 vel
284 1012 442 1046 rustica.

113 1085 176 1114 2:21·
255 1079 574 1116 Vermiculantur
613 1082 738 1129 magis
778 1082 956 1116 minusve
996 1080 1208 1130 quaedam,
1247 1094 1382 1118 omnes

204 1157 340 1187 tamen
358 1150 456 1193 fere,
474 1150 593 1200 idque
612 1163 704 1186 aves
721 1152 806 1186 cavi
824 1153 979 1187 corticis
997 1163 1093 1186 sono
1111 1153 1381 1200 experiuntur.

202 1223 279 1256 iani
297 1220 457 1270 quidem
474 1227 513 1256 et
530 1219 602 1256 hoc
617 1223 654 1256 in
670 1219 823 1256 luxuria
838 1233 924 1257 esse
937 1222 1085 1269 coepit,
1098 1221 1383 1270 praegrandes-

204 1304 280 1340 que
295 1290 477 1326 roborum
491 1289 720 1327 delicatiore
734 1297 826 1327 sunt
840 1293 878 1326 in
891 1290 1181 1327 cibo—cosses2
1194 1297 1383 1328 vocant—

203 1366 326 1410 atqm:
349 1363 472 1397 etiam
503 1360 629 1396 farina
651 1363 823 1410 saginati
847 1359 914 1396 hi³
938 1374 1096 1410 quoque
1118 1360 1247 1397 altiles
1271 1362 1381 1399 fiunt.

114 1435 171 1465 221
204 1433 376 1467 maxime
400 1437 536 1467 autem
561 1431 745 1467 arborum
770 1429 842 1467 hoc
865 1433 1044 1467 sentiunt
1068 1433 1155 1480 piri,
1178 1431 1285 1475 mali,
1308 1432 1383 1475 fici,

203 1503 331 1537 minus
354 1514 456 1550 quac
479 1514 638 1537 amarae
660 1507 751 1537 sunt
775 1507 816 1537 et
838 1501 1043 1538 odoratae.
1098 1514 1234 1538 eorum
1255 1504 1323 1552 qui
1344 1503 1382 1538 in

204 1570 285 1607 ficis
313 1573 490 1607 existunt
517 1570 580 1606 alii
609 1577 826 1607 nascuntur
853 1584 902 1607 ex
929 1573 1036 1620 ipsis,
1062 1570 1160 1607 alios
1187 1574 1291 1620 parit
1316 1574 1382 1622 qui

204 1646 367 1676 vocatur
383 1646 572 1683 cerastes,
595 1653 731 1676 omncs
750 1646 887 1677 tamen
905 1643 945 1676 in
962 1646 1145 1677 cerasten
1165 1640 1384 1691 figurantur

203 1723 423 1759 sonumque
455 1709 577 1746 edunt
608 1709 756 1759 parvoli
786 1709 974 1746 stridoris.
1030 1716 1072 1747 et
1101 1710 1238 1747 sorbus
1267 1711 1382 1748 arbor

248 1814 259 1833 ¹
286 1814 460 1854 Mayhoff:
486 1814 630 1854 aliquae.

241 1857 390 1907 ’7093393
412 1857 458 1888 vel
481 1866 594 1888 cossoa
613 1866 671 1887 eos
693 1858 778 1887 coni.
804 1857 1027 1897 Warminqton
1043 1857 1116 1889 coll.
1139 1857 1203 1889 XI.
1224 1857 1301 1895 113;
1333 1857 1372 1890 of

199 1899 554 1983 Xlffiiiii‘z’urayhofs.

205 2015 271 2052 15²
