1486 2359
113 1168 176 1199 223

117 1683 179 1713 224

403 161 592 200 PLINY:
645 162 908 200 NATURAL
945 163 1182 201 HISTORY

202 264 417 302 infestatur
436 264 657 302 vermiculis
677 265 769 302 rufis
790 278 836 302 ac
857 265 1001 315 pilosis,
1022 271 1144 316 atque
1165 269 1222 304 ita
1244 269 1384 304 emori-

200 335 287 372 tur;
329 328 495 378 mespila
525 342 683 379 quoque
713 331 753 365 in
782 335 945 367 senecta
976 330 1149 367 obnoxia
1179 333 1215 368 ei
1246 331 1383 368 morbo

202 399 274 430 est.

250 456 448 494 Sideratio
459 463 547 494 tota
561 470 582 494 e
593 457 705 494 caelo
717 463 874 495 constat
890 470 898 501 ;
925 464 1168 508 quapropter
1180 465 1219 496 et
1232 459 1384 510 grando

202 524 240 558 in
261 520 320 558 his
341 524 467 558 causis
488 521 667 571 intellegi
688 521 811 559 debet
833 528 875 558 et
895 522 1195 559 carbunculatio
1216 529 1258 560 et
1278 524 1384 573 quod

201 588 430 635 pruinarum
455 588 594 622 iniuria
619 589 764 623 evenit.
819 585 918 623 haec
942 589 1050 623 enim
1072 600 1192 623 verno
1213 593 1353 637 tepore
1369 587 1384 611 ¹

202 652 378 686 invitatis
389 655 431 686 et
443 663 651 699 erumpere
663 650 901 687 audentibus
913 653 1008 686 satis
1019 650 1200 688 mollibus
1212 651 1384 689 insidens

201 714 332 751 adurit
361 713 625 751 lactescentes
659 717 882 764 germinum
913 714 1058 757 oculos,
1088 715 1193 765 quod
1221 718 1261 752 in
1290 715 1384 753 flore

199 778 484 815 carbunculum
522 785 677 815 vocant.
733 781 897 828 pruinae
936 781 1191 828 perniciosior
1228 785 1385 824 natura,

202 845 388 892 quoniam
414 842 526 892 lapsa
550 843 715 892 persidit
740 843 932 893 gelatque
957 856 1003 879 ac
1029 856 1077 880 ne
1103 857 1197 880 aura
1223 844 1384 894 quidem

201 906 281 943 ulla
297 906 525 956 depellitur,
542 910 633 957 quia
651 920 729 944 non
747 908 789 944 fit
806 910 878 943 nisi
897 910 1047 944 inmoto
1063 920 1155 945 aere
1172 914 1213 945 et
1229 921 1382 945 sereno.

202 974 402 1021 proprium
421 977 558 1008 tamen
577 972 826 1008 siderationis
846 978 906 1008 est
933 971 1005 1008 sub
1031 977 1121 1008 ortu
1145 974 1252 1008 canis
1278 975 1384 1010 sicci-

202 1041 333 1072 tatum
348 1048 481 1085 vapor,
494 1049 583 1072 cum
598 1038 714 1072 insita
728 1049 772 1072 ac
787 1035 966 1073 novellae
979 1036 1138 1073 arbores
1151 1038 1385 1080 moriuntur,

203 1102 414 1149 praecipue
434 1100 528 1137 ficus
548 1106 589 1137 et
609 1103 709 1137 vitis.

256 1164 356 1201 Olea
373 1170 535 1214 praeter
551 1164 932 1208 vermiculationem,
949 1177 1069 1214 quam
1086 1177 1214 1215 aeque
1230 1178 1275 1202 ac
1293 1165 1386 1202 ficus

204 1231 342 1271 sentit,
361 1228 516 1265 clavum
537 1231 660 1265 etiam
681 1231 848 1278 patitur,
868 1231 948 1265 sive
970 1228 1137 1279 fungum
1156 1228 1292 1278 placet
1310 1229 1384 1266 dici

204 1292 266 1329 vel
290 1292 505 1342 patellam3
545 1292 643 1330 haec
670 1299 730 1330 est
755 1293 845 1330 solis
872 1296 1040 1330 exustio.
1096 1306 1238 1330 nocere
1262 1294 1386 1331 tradit

204 1356 306 1394 Cato
333 1363 374 1394 et
400 1371 578 1394 muscum
606 1358 781 1394 rubrum.
836 1364 953 1394 nocet
981 1357 1214 1407 plerumque
1243 1358 1386 1395 vitibus

205 1427 326 1471 atque
363 1421 458 1458 oleis
494 1427 535 1458 ct
572 1424 692 1458 nimia
728 1421 926 1458 fertilitas.
981 1422 1133 1458 scabies
1168 1425 1385 1459 communis

204 1488 379 1523 omnium
428 1492 501 1522 est.
557 1489 736 1536 inpetigo
783 1493 824 1523 ct
872 1500 974 1536 quae
1022 1486 1210 1536 adgnasci
1256 1486 1385 1524 solent

203 1549 361 1587 cocleae
394 1550 607 1600 peculiaria
641 1551 801 1587 ficorum
836 1553 944 1588 vitia,
976 1563 1049 1587 nec
1091 1550 1385 1601 ubique—sunt

206 1617 312 1651 enim
334 1615 533 1664 quaedam
555 1615 826 1665 aegritudines
849 1621 889 1651 ct
912 1615 1098 1651 locorum.

261 1678 407 1715 Verum
428 1685 472 1716 ut
493 1678 639 1715 homini
663 1692 870 1715 nervorum
892 1681 1089 1716 cruciatus
1109 1681 1163 1716 sic
1181 1684 1222 1716 et
1243 1678 1386 1723 arbori,

207 1757 253 1779 ac
273 1743 427 1780 duobus
448 1756 576 1793 aeque
607 1743 754 1780 modis:
785 1749 852 1779 aut
878 1746 983 1780 enim
1014 1745 1052 1779 in
1072 1743 1210 1793 pedes,
1230 1741 1304 1780 hoc
1325 1749 1386 1781 est

207 1807 373 1851 radices,
394 1810 583 1857 inrumpit
610 1810 663 1843 vis
687 1808 827 1846 morbi.
851 1813 918 1843 aut
943 1810 981 1843 in
1006 1807 1205 1850 articulos,
1228 1806 1301 1845 hoc
1324 1813 1386 1845 est

205 1874 455 1909 cacuminum
488 1871 648 1922 digitos,
684 1874 749 1921 qui
787 1871 1013 1922 longissime
1048 1885 1070 1908 a
1105 1877 1193 1908 toto
1221 1884 1384 1921 corpore

207 1942 380 1978 exeunt;
426 1942 517 1972 sunt
558 1936 663 1986 apud
703 1936 877 1973 Graecos
916 1949 987 1972 sua
1026 1938 1187 1973 nomina
1226 1938 1385 1987 utrique

625 2028 631 2045 ¹
658 2026 791 2058 Gclcn.:
817 2030 981 2067 tempore.

210 2099 273 2134 154
