<?xml version="1.0" encoding="UTF-8"?>
<!DOCTYPE html PUBLIC "-//W3C//DTD XHTML 1.0 Transitional//EN"
    "http://www.w3.org/TR/xhtml1/DTD/xhtml1-transitional.dtd">
<html xmlns="http://www.w3.org/1999/xhtml" xml:lang="en" lang="en">
 <head>
  <title>
</title>
<meta http-equiv="Content-Type" content="text/html;charset=utf-8" />
  <meta name='ocr-system' content='tesseract 3.04.00' />
  <meta name='ocr-capabilities' content='ocr_page ocr_carea ocr_par ocr_line ocrx_word'/>
</head>
<body>
  <div class='ocr_page' id='page_1' title='image "./naturalhistory05plinuoft/naturalhistory05plinuoft_0048.png"; bbox 0 0 1486 2359; ppageno 0'>
   <div class='ocr_carea' id='block_1_1' title="bbox 125 536 167 567">
    <p class='ocr_par' dir='ltr' id='par_1_1' title="bbox 125 536 167 567">
     <span class='ocr_line' id='line_1_1' title="bbox 125 536 167 567; baseline 0.024 -1"><span class='ocrx_word' id='word_1_1' title='bbox 125 536 167 567; x_wconf 81' lang='lat'>49</span> 
     </span>
    </p>
   </div>
   <div class='ocr_carea' id='block_1_2' title="bbox 127 1118 169 1147">
    <p class='ocr_par' dir='ltr' id='par_1_2' title="bbox 127 1118 169 1147">
     <span class='ocr_line' id='line_1_2' title="bbox 127 1118 169 1147; baseline 0.024 -1"><span class='ocrx_word' id='word_1_2' title='bbox 127 1118 169 1147; x_wconf 83' lang='lat'>50</span> 
     </span>
    </p>
   </div>
   <div class='ocr_carea' id='block_1_3' title="bbox 390 171 1175 210">
    <p class='ocr_par' dir='ltr' id='par_1_3' title="bbox 390 171 1175 210">
     <span class='ocr_line' id='line_1_3' title="bbox 390 171 1175 210; baseline 0 -1"><span class='ocrx_word' id='word_1_3' title='bbox 390 171 557 210; x_wconf 90' lang='lat' dir='ltr'>PLINY</span> <span class='ocrx_word' id='word_1_4' title='bbox 575 185 586 210; x_wconf 71' lang='grc' dir='ltr'>ι</span> <span class='ocrx_word' id='word_1_5' title='bbox 637 171 902 210; x_wconf 89' lang='lat' dir='ltr'>NATURAL</span> <span class='ocrx_word' id='word_1_6' title='bbox 937 171 1175 210; x_wconf 88' lang='lat' dir='ltr'>HISTORY</span> 
     </span>
    </p>
   </div>
   <div class='ocr_carea' id='block_1_4' title="bbox 191 272 1377 1742">
    <p class='ocr_par' dir='ltr' id='par_1_4' title="bbox 191 272 1375 511">
     <span class='ocr_line' id='line_1_4' title="bbox 192 272 1372 324; baseline 0 -14"><span class='ocrx_word' id='word_1_7' title='bbox 192 272 312 310; x_wconf 85' lang='lat' dir='ltr'>fuerit</span> <span class='ocrx_word' id='word_1_8' title='bbox 329 273 455 311; x_wconf 90' lang='lat' dir='ltr'>solum</span> <span class='ocrx_word' id='word_1_9' title='bbox 471 273 622 317; x_wconf 90' lang='lat' dir='ltr'>laedet,</span> <span class='ocrx_word' id='word_1_10' title='bbox 637 286 689 310; x_wconf 90' lang='lat' dir='ltr'>ne</span> <span class='ocrx_word' id='word_1_11' title='bbox 705 276 759 310; x_wconf 90' lang='lat' dir='ltr'>sic</span> <span class='ocrx_word' id='word_1_12' title='bbox 776 273 938 324; x_wconf 90' lang='lat' dir='ltr'>quidem</span> <span class='ocrx_word' id='word_1_13' title='bbox 954 275 1082 323; x_wconf 90' lang='lat' dir='ltr'>primo</span> <span class='ocrx_word' id='word_1_14' title='bbox 1099 286 1203 310; x_wconf 85' lang='lat' dir='ltr'>anno</span> <span class='ocrx_word' id='word_1_15' title='bbox 1218 272 1372 311; x_wconf 82' lang='lat' dir='ltr'>fertilis.</span> 
     </span>
     <span class='ocr_line' id='line_1_5' title="bbox 192 338 1375 388; baseline 0.001 -13"><span class='ocrx_word' id='word_1_16' title='bbox 192 340 361 375; x_wconf 84' lang='lat' dir='ltr'>interest</span> <span class='ocrx_word' id='word_1_17' title='bbox 388 344 429 375; x_wconf 91' lang='lat' dir='ltr'>et</span> <span class='ocrx_word' id='word_1_18' title='bbox 456 338 562 388; x_wconf 84' lang='lat' dir='ltr'>quali</span> <span class='ocrx_word' id='word_1_19' title='bbox 589 338 671 375; x_wconf 93' lang='lat' dir='ltr'>solo</span> <span class='ocrx_word' id='word_1_20' title='bbox 698 344 937 388; x_wconf 81' lang='lat' dir='ltr'>quaeratur3</span> <span class='ocrx_word' id='word_1_21' title='bbox 978 341 1080 375; x_wconf 91' lang='lat' dir='ltr'>sicca</span> <span class='ocrx_word' id='word_1_22' title='bbox 1108 340 1214 375; x_wconf 87' lang='lat' dir='ltr'>enim</span> <span class='ocrx_word' id='word_1_23' title='bbox 1240 338 1375 376; x_wconf 89' lang='lat' dir='ltr'>umido</span> 
     </span>
     <span class='ocr_line' id='line_1_6' title="bbox 192 402 1374 453; baseline 0 -14"><span class='ocrx_word' id='word_1_24' title='bbox 192 402 343 447; x_wconf 89' lang='lat' dir='ltr'>melior,</span> <span class='ocrx_word' id='word_1_25' title='bbox 363 402 472 440; x_wconf 90' lang='lat' dir='ltr'>arido</span> <span class='ocrx_word' id='word_1_26' title='bbox 492 405 672 453; x_wconf 80' lang='lat' dir='ltr'>pinguis3</span> <span class='ocrx_word' id='word_1_27' title='bbox 705 408 935 452; x_wconf 87' lang='lat' dir='ltr'>temperato</span> <span class='ocrx_word' id='word_1_28' title='bbox 954 402 1164 446; x_wconf 86' lang='lat' dir='ltr'>alterutra,</span> <span class='ocrx_word' id='word_1_29' title='bbox 1182 408 1294 440; x_wconf 88' lang='lat' dir='ltr'>creta</span> <span class='ocrx_word' id='word_1_30' title='bbox 1313 402 1374 440; x_wconf 89' lang='lat' dir='ltr'>vel</span> 
     </span>
     <span class='ocr_line' id='line_1_7' title="bbox 191 466 646 511; baseline 0 -8"><span class='ocrx_word' id='word_1_31' title='bbox 191 466 430 511; x_wconf 88' lang='lat' dir='ltr'>columbina,</span> <span class='ocrx_word' id='word_1_32' title='bbox 447 470 646 504; x_wconf 87' lang='lat' dir='ltr'>convenit.</span> 
     </span>
    </p>

    <p class='ocr_par' dir='ltr' id='par_1_5' title="bbox 191 530 1377 1098">
     <span class='ocr_line' id='line_1_8' title="bbox 239 530 1375 581; baseline 0 -13"><span class='ocrx_word' id='word_1_33' title='bbox 239 530 286 568; x_wconf 84' lang='lat' dir='ltr'>V.</span> <span class='ocrx_word' id='word_1_34' title='bbox 315 531 609 581; x_wconf 88' lang='lat' dir='ltr'>Transpadanis</span> <span class='ocrx_word' id='word_1_35' title='bbox 632 533 774 568; x_wconf 90' lang='lat' dir='ltr'>cineris</span> <span class='ocrx_word' id='word_1_36' title='bbox 797 544 890 568; x_wconf 91' lang='lat' dir='ltr'>usus</span> <span class='ocrx_word' id='word_1_37' title='bbox 913 531 1015 568; x_wconf 89' lang='lat' dir='ltr'>adeo</span> <span class='ocrx_word' id='word_1_38' title='bbox 1038 530 1171 580; x_wconf 88' lang='lat' dir='ltr'>placet</span> <span class='ocrx_word' id='word_1_39' title='bbox 1194 537 1240 568; x_wconf 90' lang='lat' dir='ltr'>ut</span> <span class='ocrx_word' id='word_1_40' title='bbox 1263 536 1375 568; x_wconf 85' lang='lat' dir='ltr'>ante-</span> 
     </span>
     <span class='ocr_line' id='line_1_9' title="bbox 191 594 1376 646; baseline 0 -14"><span class='ocrx_word' id='word_1_41' title='bbox 191 601 344 644; x_wconf 84' lang='lat' dir='ltr'>ponant</span> <span class='ocrx_word' id='word_1_42' title='bbox 372 595 478 639; x_wconf 82' lang='lat' dir='ltr'>fimo,</span> <span class='ocrx_word' id='word_1_43' title='bbox 504 598 870 646; x_wconf 89' lang='lat' dir='ltr'>iumentorumque,</span> <span class='ocrx_word' id='word_1_44' title='bbox 897 595 1004 645; x_wconf 93' lang='lat' dir='ltr'>quod</span> <span class='ocrx_word' id='word_1_45' title='bbox 1031 594 1272 632; x_wconf 87' lang='lat' dir='ltr'>levissimum</span> <span class='ocrx_word' id='word_1_46' title='bbox 1300 601 1376 638; x_wconf 89' lang='lat' dir='ltr'>est,</span> 
     </span>
     <span class='ocr_line' id='line_1_10' title="bbox 191 659 1376 710; baseline 0 -14"><span class='ocrx_word' id='word_1_47' title='bbox 191 659 242 696; x_wconf 96' lang='lat' dir='ltr'>ob</span> <span class='ocrx_word' id='word_1_48' title='bbox 267 659 306 696; x_wconf 92' lang='lat' dir='ltr'>id</span> <span class='ocrx_word' id='word_1_49' title='bbox 332 665 515 697; x_wconf 85' lang='lat' dir='ltr'>exurant.</span> <span class='ocrx_word' id='word_1_50' title='bbox 570 666 741 710; x_wconf 89' lang='lat' dir='ltr'>utroque</span> <span class='ocrx_word' id='word_1_51' title='bbox 765 666 903 697; x_wconf 84' lang='lat' dir='ltr'>tamen</span> <span class='ocrx_word' id='word_1_52' title='bbox 927 662 1079 709; x_wconf 91' lang='lat' dir='ltr'>pariter</span> <span class='ocrx_word' id='word_1_53' title='bbox 1103 673 1181 697; x_wconf 90' lang='lat' dir='ltr'>non</span> <span class='ocrx_word' id='word_1_54' title='bbox 1207 665 1376 697; x_wconf 89' lang='lat' dir='ltr'>utuntur</span> 
     </span>
     <span class='ocr_line' id='line_1_11' title="bbox 193 723 1375 775; baseline 0.001 -15"><span class='ocrx_word' id='word_1_55' title='bbox 193 727 231 761; x_wconf 91' lang='lat' dir='ltr'>in</span> <span class='ocrx_word' id='word_1_56' title='bbox 249 724 390 761; x_wconf 90' lang='lat' dir='ltr'>eodem</span> <span class='ocrx_word' id='word_1_57' title='bbox 407 737 514 768; x_wconf 84' lang='lat' dir='ltr'>arvo,</span> <span class='ocrx_word' id='word_1_58' title='bbox 529 737 603 762; x_wconf 91' lang='lat' dir='ltr'>nec</span> <span class='ocrx_word' id='word_1_59' title='bbox 618 727 658 761; x_wconf 90' lang='lat' dir='ltr'>in</span> <span class='ocrx_word' id='word_1_60' title='bbox 674 725 845 761; x_wconf 83' lang='lat' dir='ltr'>arbustis</span> <span class='ocrx_word' id='word_1_61' title='bbox 861 727 1008 768; x_wconf 88' lang='lat' dir='ltr'>cinere,</span> <span class='ocrx_word' id='word_1_62' title='bbox 1025 737 1098 761; x_wconf 91' lang='lat' dir='ltr'>nec</span> <span class='ocrx_word' id='word_1_63' title='bbox 1114 723 1308 775; x_wconf 89' lang='lat' dir='ltr'>quasdam</span> <span class='ocrx_word' id='word_1_64' title='bbox 1325 724 1375 761; x_wconf 89' lang='lat' dir='ltr'>ad</span> 
     </span>
     <span class='ocr_line' id='line_1_12' title="bbox 193 788 1375 839; baseline 0.001 -14"><span class='ocrx_word' id='word_1_65' title='bbox 193 788 341 839; x_wconf 89' lang='lat' dir='ltr'>fruges,</span> <span class='ocrx_word' id='word_1_66' title='bbox 358 795 403 826; x_wconf 87' lang='lat' dir='ltr'>ut</span> <span class='ocrx_word' id='word_1_67' title='bbox 418 788 608 826; x_wconf 86' lang='lat' dir='ltr'>dicemus.</span> <span class='ocrx_word' id='word_1_68' title='bbox 662 795 756 826; x_wconf 91' lang='lat' dir='ltr'>sunt</span> <span class='ocrx_word' id='word_1_69' title='bbox 773 791 840 839; x_wconf 86' lang='lat' dir='ltr'>qui</span> <span class='ocrx_word' id='word_1_70' title='bbox 856 789 1020 838; x_wconf 85' lang='lat' dir='ltr'>pulvere</span> <span class='ocrx_word' id='word_1_71' title='bbox 1037 801 1197 839; x_wconf 90' lang='lat' dir='ltr'>quoque</span> <span class='ocrx_word' id='word_1_72' title='bbox 1214 802 1310 826; x_wconf 90' lang='lat' dir='ltr'>uvas</span> <span class='ocrx_word' id='word_1_73' title='bbox 1325 788 1375 826; x_wconf 87' lang='lat' dir='ltr'>ali</span> 
     </span>
     <span class='ocr_line' id='line_1_13' title="bbox 193 852 1376 903; baseline 0.001 -14"><span class='ocrx_word' id='word_1_74' title='bbox 193 852 369 890; x_wconf 87' lang='lat' dir='ltr'>iudicent</span> <span class='ocrx_word' id='word_1_75' title='bbox 380 854 729 903; x_wconf 84' lang='lat' dir='ltr'>pubescentesque</span> <span class='ocrx_word' id='word_1_76' title='bbox 742 853 953 903; x_wconf 88' lang='lat' dir='ltr'>pulverent</span> <span class='ocrx_word' id='word_1_77' title='bbox 966 859 1007 890; x_wconf 90' lang='lat' dir='ltr'>et</span> <span class='ocrx_word' id='word_1_78' title='bbox 1020 855 1161 891; x_wconf 86' lang='lat' dir='ltr'>vitium</span> <span class='ocrx_word' id='word_1_79' title='bbox 1173 852 1376 890; x_wconf 89' lang='lat' dir='ltr'>arborum·</span> 
     </span>
     <span class='ocr_line' id='line_1_14' title="bbox 193 917 1376 968; baseline 0 -14"><span class='ocrx_word' id='word_1_80' title='bbox 193 930 271 968; x_wconf 90' lang='lat' dir='ltr'>que</span> <span class='ocrx_word' id='word_1_81' title='bbox 302 917 500 955; x_wconf 80' lang='lat' dir='ltr'>radicibus</span> <span class='ocrx_word' id='word_1_82' title='bbox 531 918 789 968; x_wconf 81' lang='lat' dir='ltr'>adspergant.</span> <span class='ocrx_word' id='word_1_83' title='bbox 845 917 952 967; x_wconf 92' lang='lat' dir='ltr'>quod</span> <span class='ocrx_word' id='word_1_84' title='bbox 983 924 1137 955; x_wconf 87' lang='lat' dir='ltr'>certum</span> <span class='ocrx_word' id='word_1_85' title='bbox 1170 923 1246 962; x_wconf 91' lang='lat' dir='ltr'>est,</span> <span class='ocrx_word' id='word_1_86' title='bbox 1280 917 1376 954; x_wconf 90' lang='lat' dir='ltr'>Nar-</span> 
     </span>
     <span class='ocr_line' id='line_1_15' title="bbox 192 981 1377 1033; baseline 0.001 -14"><span class='ocrx_word' id='word_1_87' title='bbox 192 981 358 1019; x_wconf 89' lang='lat' dir='ltr'>bonensi</span> <span class='ocrx_word' id='word_1_88' title='bbox 390 985 615 1032; x_wconf 83' lang='lat' dir='ltr'>provinciae</span> <span class='ocrx_word' id='word_1_89' title='bbox 648 988 690 1019; x_wconf 87' lang='lat' dir='ltr'>et</span> <span class='ocrx_word' id='word_1_90' title='bbox 722 981 940 1019; x_wconf 82' lang='lat' dir='ltr'>vindemias</span> <span class='ocrx_word' id='word_1_91' title='bbox 972 984 1110 1019; x_wconf 88' lang='lat' dir='ltr'>circius</span> <span class='ocrx_word' id='word_1_92' title='bbox 1141 984 1196 1019; x_wconf 90' lang='lat' dir='ltr'>sic</span> <span class='ocrx_word' id='word_1_93' title='bbox 1227 984 1377 1033; x_wconf 82' lang='lat' dir='ltr'>coquit,</span> 
     </span>
     <span class='ocr_line' id='line_1_16' title="bbox 192 1046 1012 1098; baseline 0.001 -15"><span class='ocrx_word' id='word_1_94' title='bbox 192 1046 360 1097; x_wconf 89' lang='lat' dir='ltr'>plusque</span> <span class='ocrx_word' id='word_1_95' title='bbox 377 1047 391 1070; x_wconf 86' lang='lat'>1</span> <span class='ocrx_word' id='word_1_96' title='bbox 410 1046 537 1097; x_wconf 83' lang='lat' dir='ltr'>pulvis</span> <span class='ocrx_word' id='word_1_97' title='bbox 556 1047 609 1084; x_wconf 94' lang='lat' dir='ltr'>ibi</span> <span class='ocrx_word' id='word_1_98' title='bbox 629 1060 750 1098; x_wconf 87' lang='lat' dir='ltr'>quam</span> <span class='ocrx_word' id='word_1_99' title='bbox 769 1046 826 1084; x_wconf 93' lang='lat' dir='ltr'>sol</span> <span class='ocrx_word' id='word_1_100' title='bbox 844 1046 1012 1084; x_wconf 86' lang='lat' dir='ltr'>confert.</span> 
     </span>
    </p>

    <p class='ocr_par' dir='ltr' id='par_1_6' title="bbox 194 1110 1377 1742">
     <span class='ocr_line' id='line_1_17' title="bbox 242 1110 1376 1162; baseline 0 -14"><span class='ocrx_word' id='word_1_101' title='bbox 242 1110 310 1148; x_wconf 91' lang='lat' dir='ltr'>VI.</span> <span class='ocrx_word' id='word_1_102' title='bbox 341 1111 441 1148; x_wconf 87' lang='lat' dir='ltr'>Fimi</span> <span class='ocrx_word' id='word_1_103' title='bbox 479 1111 612 1161; x_wconf 91' lang='lat' dir='ltr'>plures</span> <span class='ocrx_word' id='word_1_104' title='bbox 656 1110 923 1156; x_wconf 84' lang='lat' dir='ltr'>differentiae,</span> <span class='ocrx_word' id='word_1_105' title='bbox 959 1114 1044 1161; x_wconf 86' lang='lat' dir='ltr'>ipsa</span> <span class='ocrx_word' id='word_1_106' title='bbox 1089 1124 1150 1148; x_wconf 91' lang='lat' dir='ltr'>res</span> <span class='ocrx_word' id='word_1_107' title='bbox 1186 1113 1376 1162; x_wconf 88' lang='lat' dir='ltr'>antiqua:</span> 
     </span>
     <span class='ocr_line' id='line_1_18' title="bbox 194 1175 1376 1226; baseline 0 -14"><span class='ocrx_word' id='word_1_108' title='bbox 194 1178 273 1212; x_wconf 91' lang='lat' dir='ltr'>iam</span> <span class='ocrx_word' id='word_1_109' title='bbox 297 1176 404 1225; x_wconf 87' lang='lat' dir='ltr'>apud</span> <span class='ocrx_word' id='word_1_110' title='bbox 435 1175 656 1212; x_wconf 87' lang='lat' dir='ltr'>Homerum</span> <span class='ocrx_word' id='word_1_111' title='bbox 686 1179 819 1226; x_wconf 88' lang='lat' dir='ltr'>regius</span> <span class='ocrx_word' id='word_1_112' title='bbox 849 1188 973 1213; x_wconf 83' lang='lat' dir='ltr'>senex</span> <span class='ocrx_word' id='word_1_113' title='bbox 1004 1189 1145 1226; x_wconf 86' lang='lat' dir='ltr'>agrum</span> <span class='ocrx_word' id='word_1_114' title='bbox 1175 1178 1233 1212; x_wconf 87' lang='lat' dir='ltr'>ita</span> <span class='ocrx_word' id='word_1_115' title='bbox 1263 1175 1376 1213; x_wconf 89' lang='lat' dir='ltr'>laeti-</span> 
     </span>
     <span class='ocr_line' id='line_1_19' title="bbox 195 1239 1376 1291; baseline 0.001 -15"><span class='ocrx_word' id='word_1_116' title='bbox 195 1239 314 1277; x_wconf 86' lang='lat' dir='ltr'>ficans</span> <span class='ocrx_word' id='word_1_117' title='bbox 362 1242 439 1276; x_wconf 89' lang='lat' dir='ltr'>suis</span> <span class='ocrx_word' id='word_1_118' title='bbox 487 1241 669 1278; x_wconf 88' lang='lat' dir='ltr'>manibus</span> <span class='ocrx_word' id='word_1_119' title='bbox 716 1243 924 1290; x_wconf 85' lang='lat' dir='ltr'>reperitur.</span> <span class='ocrx_word' id='word_1_120' title='bbox 994 1241 1156 1291; x_wconf 87' lang='lat' dir='ltr'>Augeas</span> <span class='ocrx_word' id='word_1_121' title='bbox 1211 1253 1281 1278; x_wconf 87' lang='lat' dir='ltr'>rex</span> <span class='ocrx_word' id='word_1_122' title='bbox 1337 1243 1376 1277; x_wconf 91' lang='lat' dir='ltr'>in</span> 
     </span>
     <span class='ocr_line' id='line_1_20' title="bbox 195 1303 1376 1356; baseline 0.001 -15"><span class='ocrx_word' id='word_1_123' title='bbox 195 1303 364 1342; x_wconf 84' lang='lat' dir='ltr'>Graecia</span> <span class='ocrx_word' id='word_1_124' title='bbox 392 1308 642 1356; x_wconf 85' lang='lat' dir='ltr'>excogitasse</span> <span class='ocrx_word' id='word_1_125' title='bbox 674 1305 861 1349; x_wconf 84' lang='lat' dir='ltr'>traditur,</span> <span class='ocrx_word' id='word_1_126' title='bbox 888 1305 1114 1356; x_wconf 89' lang='lat' dir='ltr'>divulgasse</span> <span class='ocrx_word' id='word_1_127' title='bbox 1149 1318 1242 1342; x_wconf 90' lang='lat' dir='ltr'>vero</span> <span class='ocrx_word' id='word_1_128' title='bbox 1277 1303 1376 1342; x_wconf 89' lang='lat' dir='ltr'>Her-</span> 
     </span>
     <span class='ocr_line' id='line_1_21' title="bbox 195 1368 1377 1420; baseline 0.002 -15"><span class='ocrx_word' id='word_1_129' title='bbox 195 1368 301 1406; x_wconf 90' lang='lat' dir='ltr'>cules</span> <span class='ocrx_word' id='word_1_130' title='bbox 335 1372 374 1406; x_wconf 90' lang='lat' dir='ltr'>in</span> <span class='ocrx_word' id='word_1_131' title='bbox 410 1369 542 1414; x_wconf 89' lang='lat' dir='ltr'>Italia,</span> <span class='ocrx_word' id='word_1_132' title='bbox 576 1383 680 1420; x_wconf 90' lang='lat' dir='ltr'>quae</span> <span class='ocrx_word' id='word_1_133' title='bbox 713 1372 798 1420; x_wconf 87' lang='lat' dir='ltr'>regi</span> <span class='ocrx_word' id='word_1_134' title='bbox 831 1383 902 1407; x_wconf 90' lang='lat' dir='ltr'>suo</span> <span class='ocrx_word' id='word_1_135' title='bbox 931 1368 1116 1407; x_wconf 87' lang='lat' dir='ltr'>Stercuto</span> <span class='ocrx_word' id='word_1_136' title='bbox 1147 1369 1272 1406; x_wconf 87' lang='lat' dir='ltr'>Fauni</span> <span class='ocrx_word' id='word_1_137' title='bbox 1299 1368 1377 1407; x_wconf 84' lang='lat' dir='ltr'>filio</span> 
     </span>
     <span class='ocr_line' id='line_1_22' title="bbox 195 1432 1377 1472; baseline 0.001 -3"><span class='ocrx_word' id='word_1_138' title='bbox 195 1433 245 1470; x_wconf 94' lang='lat' dir='ltr'>ob</span> <span class='ocrx_word' id='word_1_139' title='bbox 266 1432 339 1471; x_wconf 90' lang='lat' dir='ltr'>hoc</span> <span class='ocrx_word' id='word_1_140' title='bbox 360 1437 566 1472; x_wconf 91' lang='lat' dir='ltr'>inventum</span> <span class='ocrx_word' id='word_1_141' title='bbox 596 1433 929 1471; x_wconf 88' lang='lat' dir='ltr'>inmortalitatem</span> <span class='ocrx_word' id='word_1_142' title='bbox 955 1434 1109 1471; x_wconf 89' lang='lat' dir='ltr'>tribuit.</span> <span class='ocrx_word' id='word_1_143' title='bbox 1165 1433 1223 1471; x_wconf 91' lang='lat' dir='ltr'>M.</span> <span class='ocrx_word' id='word_1_144' title='bbox 1254 1433 1377 1471; x_wconf 86' lang='lat' dir='ltr'>Varro</span> 
     </span>
     <span class='ocr_line' id='line_1_23' title="bbox 195 1498 1377 1549; baseline 0 -14"><span class='ocrx_word' id='word_1_145' title='bbox 195 1501 459 1548; x_wconf 88' lang='lat' dir='ltr'>principatum</span> <span class='ocrx_word' id='word_1_146' title='bbox 502 1499 574 1535; x_wconf 88' lang='lat' dir='ltr'>dat</span> <span class='ocrx_word' id='word_1_147' title='bbox 608 1498 815 1535; x_wconf 90' lang='lat' dir='ltr'>turdorum</span> <span class='ocrx_word' id='word_1_148' title='bbox 860 1498 951 1535; x_wconf 87' lang='lat' dir='ltr'>fimo</span> <span class='ocrx_word' id='word_1_149' title='bbox 987 1511 1037 1535; x_wconf 86' lang='lat' dir='ltr'>ex</span> <span class='ocrx_word' id='word_1_150' title='bbox 1071 1500 1240 1541; x_wconf 86' lang='lat' dir='ltr'>aviariis,</span> <span class='ocrx_word' id='word_1_151' title='bbox 1271 1498 1377 1549; x_wconf 91' lang='lat' dir='ltr'>quod</span> 
     </span>
     <span class='ocr_line' id='line_1_24' title="bbox 196 1562 1376 1613; baseline 0.002 -15"><span class='ocrx_word' id='word_1_152' title='bbox 196 1564 317 1599; x_wconf 85' lang='lat' dir='ltr'>etiarn</span> <span class='ocrx_word' id='word_1_153' title='bbox 340 1563 487 1612; x_wconf 90' lang='lat' dir='ltr'>pabulo</span> <span class='ocrx_word' id='word_1_154' title='bbox 509 1563 629 1599; x_wconf 85' lang='lat' dir='ltr'>bourn</span> <span class='ocrx_word' id='word_1_155' title='bbox 653 1575 849 1613; x_wconf 87' lang='lat' dir='ltr'>suumque</span> <span class='ocrx_word' id='word_1_156' title='bbox 875 1563 1120 1613; x_wconf 84' lang='lat' dir='ltr'>magnificat,</span> <span class='ocrx_word' id='word_1_157' title='bbox 1142 1575 1274 1613; x_wconf 91' lang='lat' dir='ltr'>neque</span> <span class='ocrx_word' id='word_1_158' title='bbox 1301 1562 1376 1600; x_wconf 89' lang='lat' dir='ltr'>alio</span> 
     </span>
     <span class='ocr_line' id='line_1_25' title="bbox 195 1626 1376 1678; baseline 0.001 -15"><span class='ocrx_word' id='word_1_159' title='bbox 195 1626 282 1663; x_wconf 74' lang='lat' dir='ltr'>cibo</span> <span class='ocrx_word' id='word_1_160' title='bbox 326 1626 492 1664; x_wconf 89' lang='lat' dir='ltr'>celerius</span> <span class='ocrx_word' id='word_1_161' title='bbox 536 1630 797 1678; x_wconf 88' lang='lat' dir='ltr'>pinguescere</span> <span class='ocrx_word' id='word_1_162' title='bbox 841 1627 1065 1664; x_wconf 84' lang='lat' dir='ltr'>adseverat.</span> <span class='ocrx_word' id='word_1_163' title='bbox 1139 1626 1190 1664; x_wconf 88' lang='lat' dir='ltr'>de</span> <span class='ocrx_word' id='word_1_164' title='bbox 1234 1629 1376 1664; x_wconf 86' lang='lat' dir='ltr'>nostris</span> 
     </span>
     <span class='ocr_line' id='line_1_26' title="bbox 197 1690 1376 1742; baseline 0.002 -15"><span class='ocrx_word' id='word_1_165' title='bbox 197 1691 368 1729; x_wconf 86' lang='lat' dir='ltr'>moribus</span> <span class='ocrx_word' id='word_1_166' title='bbox 382 1691 486 1729; x_wconf 89' lang='lat' dir='ltr'>bene</span> <span class='ocrx_word' id='word_1_167' title='bbox 505 1705 666 1742; x_wconf 88' lang='lat' dir='ltr'>sperare</span> <span class='ocrx_word' id='word_1_168' title='bbox 681 1698 742 1729; x_wconf 91' lang='lat' dir='ltr'>est</span> <span class='ocrx_word' id='word_1_169' title='bbox 762 1694 793 1728; x_wconf 91' lang='lat' dir='ltr'>si</span> <span class='ocrx_word' id='word_1_170' title='bbox 812 1697 930 1729; x_wconf 80' lang='lat' dir='ltr'>tanta</span> <span class='ocrx_word' id='word_1_171' title='bbox 949 1691 1056 1741; x_wconf 90' lang='lat' dir='ltr'>apud</span> <span class='ocrx_word' id='word_1_172' title='bbox 1075 1693 1244 1729; x_wconf 80' lang='lat' dir='ltr'>maiores</span> <span class='ocrx_word' id='word_1_173' title='bbox 1264 1690 1376 1729; x_wconf 85' lang='lat' dir='ltr'>fuere</span> 
     </span>
    </p>
   </div>
   <div class='ocr_carea' id='block_1_5' title="bbox 589 1794 987 1837">
    <p class='ocr_par' dir='ltr' id='par_1_7' title="bbox 589 1794 987 1837">
     <span class='ocr_line' id='line_1_27' title="bbox 589 1794 987 1837; baseline 0 -10"><span class='ocrx_word' id='word_1_174' title='bbox 589 1797 601 1816; x_wconf 80' lang='lat'>²</span> <span class='ocrx_word' id='word_1_175' title='bbox 624 1795 700 1837; x_wconf 76' lang='lat' dir='ltr'>plus</span> <span class='ocrx_word' id='word_1_176' title='bbox 716 1795 797 1837; x_wconf 80' lang='lat' dir='ltr'>quia</span> <span class='ocrx_word' id='word_1_177' title='bbox 815 1794 987 1836; x_wconf 70' lang='lat' dir='ltr'>Detlessen.</span> 
     </span>
    </p>
   </div>
   <div class='ocr_carea' id='block_1_6' title="bbox 369 1907 1205 2070">
    <p class='ocr_par' dir='ltr' id='par_1_8' title="bbox 369 1907 1205 2070">
     <span class='ocr_line' id='line_1_28' title="bbox 374 1907 1205 1940; baseline 0 0"><span class='ocrx_word' id='word_1_178' title='bbox 374 1914 387 1927; x_wconf 85' lang='lat'>‘¹</span> <span class='ocrx_word' id='word_1_179' title='bbox 409 1909 481 1940; x_wconf 78' lang='lat' dir='ltr'>The</span> <span class='ocrx_word' id='word_1_180' title='bbox 499 1912 587 1940; x_wconf 81' lang='lat' dir='ltr'>trees</span> <span class='ocrx_word' id='word_1_181' title='bbox 606 1919 649 1940; x_wconf 92' lang='lat' dir='ltr'>on</span> <span class='ocrx_word' id='word_1_182' title='bbox 669 1908 776 1940; x_wconf 85' lang='lat' dir='ltr'>which</span> <span class='ocrx_word' id='word_1_183' title='bbox 796 1908 854 1940; x_wconf 82' lang='lat' dir='ltr'>the</span> <span class='ocrx_word' id='word_1_184' title='bbox 874 1909 968 1940; x_wconf 78' lang='lat' dir='ltr'>vines</span> <span class='ocrx_word' id='word_1_185' title='bbox 986 1918 1042 1940; x_wconf 78' lang='lat' dir='ltr'>are</span> <span class='ocrx_word' id='word_1_186' title='bbox 1061 1907 1205 1940; x_wconf 76' lang='lat' dir='ltr'>trained.</span> 
     </span>
     <span class='ocr_line' id='line_1_29' title="bbox 372 1951 714 1984; baseline 0.003 -2"><span class='ocrx_word' id='word_1_187' title='bbox 372 1952 384 1970; x_wconf 79' lang='lat'><em>⁶</em></span> <span class='ocrx_word' id='word_1_188' title='bbox 407 1952 466 1983; x_wconf 83' lang='lat' dir='ltr'>Od.</span> <span class='ocrx_word' id='word_1_189' title='bbox 488 1951 619 1984; x_wconf 87' lang='lat' dir='ltr'><strong>XXIV.</strong></span> <span class='ocrx_word' id='word_1_190' title='bbox 639 1953 714 1984; x_wconf 84' lang='lat'>225.</span> 
     </span>
     <span class='ocr_line' id='line_1_30' title="bbox 369 1993 839 2070; baseline 0 -1"><span class='ocrx_word' id='word_1_191' title='bbox 369 1999 385 2057; x_wconf 74' lang='grc' dir='ltr'>ἶ</span> <span class='ocrx_word' id='word_1_192' title='bbox 405 1993 790 2070; x_wconf 50' lang='lat' dir='ltr'>{2⁰2⁸‘13223322‘Eu3‘5</span> <span class='ocrx_word' id='word_1_193' title='bbox 801 1993 839 2070; x_wconf 53' lang='grc' dir='ltr'>Ξ.</span> 
     </span>
    </p>
   </div>
   <div class='ocr_carea' id='block_1_7' title="bbox 193 2110 240 2146">
    <p class='ocr_par' dir='ltr' id='par_1_9' title="bbox 193 2110 240 2146">
     <span class='ocr_line' id='line_1_31' title="bbox 193 2110 240 2146; baseline -0.064 0"><span class='ocrx_word' id='word_1_194' title='bbox 193 2110 240 2146; x_wconf 84' lang='grc'>34</span> 
     </span>
    </p>
   </div>
  </div>
 </body>
</html>
