1486 2359
124 365 188 396 356

125 684 187 715 357

126 1058 190 1089 355

126 1378 190 1410 359

420 199 610 236 PLINY:
655 199 917 237 NATURAL
954 198 1189 236 HISTORY

214 304 332 342 diem.
388 306 419 340 si
445 303 570 340 nubes
597 310 641 340 ut
668 303 814 340 vellera
840 303 955 340 lanae
980 309 1220 353 spargentur
1244 303 1395 340 multae

216 359 266 394 ab
291 360 459 401 oriente,
484 370 630 407 aquam
655 359 694 393 in
718 357 895 393 triduum
920 359 1187 406 praesagierit.
1241 370 1331 393 cum
1355 359 1394 394 in

215 411 485 448 cacuminibus
507 413 702 447 montium
725 410 851 447 nubes
871 409 1093 453 consident,
1114 408 1330 453 hiemabit3
1364 412 1395 448 si

211 467 418 502 cacumina
459 477 560 514 pura
602 464 713 507 fient,
754 464 1031 501 disserenabit.
1086 463 1191 500 nube
1232 463 1397 513 gravida

213 518 465 561 candicante,
484 517 590 568 quod
611 523 751 554 vocant
772 523 1060 567 tempestatem
1080 516 1226 560 albam,
1244 517 1397 567 grando

215 571 449 608 imminebit.
504 570 615 607 caelo
643 571 816 607 sereno1
845 569 1042 608 nubecula
1070 573 1248 620 quamvis
1276 583 1397 620 parva

214 625 352 662 flatum
375 624 635 673 procellosum
655 624 780 661 dabit.

268 677 496 714 LXXXIII.
527 677 708 714 Nebulae
747 677 949 714 montibus
988 677 1278 714 descendentes
1327 683 1397 714 aut

213 732 324 769 caelo
352 731 545 768 cadentes
575 731 636 768 vel
666 734 705 768 in
735 731 900 768 vallibus
929 731 1106 768 sidentes
1135 733 1397 768 serenitatem

214 787 464 835 promittent.

268 838 488 875 LXXXIV.
518 838 582 874 Ab
597 837 656 874 his
671 840 819 875 terreni
835 841 947 888 ignes
962 838 1142 887 proxime
1157 837 1396 887 significant.

216 892 350 942 pallidi
370 904 543 941 namque
563 898 939 941 murmurantesque
958 896 1250 939 tempestatum
1270 893 1398 928 nuntii

215 948 456 989 sentiuntur,
480 945 637 994 pluviae
661 948 784 982 etiam
806 947 836 982 si
852 947 891 981 in
907 944 1076 981 lucernis
1090 943 1259 994 fungi,si
1275 944 1399 981 flexu-

215 1012 282 1036 ose
300 998 439 1035 volitet
457 998 629 1035 flamma.
667 1004 830 1035 ventum
846 1000 1032 1035 nuntiant
1045 995 1062 1021 ²
1077 997 1224 1034 lumina
1240 1011 1331 1035 cum
1348 1011 1398 1035 ex

217 1066 302 1089 sese
319 1052 498 1088 flammas
516 1052 669 1088 elidunt
688 1058 756 1088 aut
779 1055 841 1088 vix
867 1052 1162 1094 accenduntur;
1190 1053 1288 1088 item
1308 1064 1398 1088 cum

218 1109 256 1142 in
281 1119 383 1142 aeno
422 1105 625 1155 pendente
667 1105 861 1143 scintillae
889 1110 1189 1149 coacervantur,
1219 1104 1280 1142 vel
1308 1118 1397 1142 cum

216 1159 450 1196 tollentibus
467 1159 564 1195 ollas
580 1159 700 1196 carbo
717 1158 981 1201 adhaerescit,
998 1165 1067 1196 aut
1084 1171 1175 1195 cum
1191 1164 1398 1195 contectus

219 1215 318 1263 ignis
347 1226 368 1249 e
395 1226 437 1249 se
464 1212 639 1249 favillam
667 1213 829 1250 discutit
856 1212 1118 1249 scintillamve
1146 1214 1310 1256 emittit,
1337 1211 1398 1249 vel

214 1280 303 1303 cum
321 1268 417 1303 cinis
435 1268 474 1302 in
492 1266 579 1303 foco
596 1269 814 1303 concrescit
833 1272 874 1303 et
891 1279 981 1303 cum
999 1267 1119 1303 carbo
1137 1264 1400 1302 vehementer

216 1319 408 1370 perlucet.

271 1372 468 1409 LXXXV.
500 1373 570 1410 Est
609 1379 651 1410 et
688 1386 881 1423 aquarum
919 1372 1166 1423 significatio.
1222 1385 1331 1408 mare
1367 1374 1398 1409 si

218 1426 476 1476 tranquillum
505 1429 544 1463 in
572 1432 689 1476 portu
717 1427 925 1463 cursitabit
954 1426 1267 1463 murmurabitve
1295 1427 1399 1462 intra

218 1493 274 1523 se,
291 1486 455 1516 ventum
471 1480 680 1530 praedicit,
696 1483 726 1516 si
743 1480 849 1517 idem
865 1479 1011 1524 hieme,
1027 1486 1069 1517 et
1085 1479 1267 1523 imbrem,
1282 1478 1399 1516 litora

218 1536 409 1583 ripaeque
427 1536 458 1570 si
476 1534 719 1570 resonabunt
737 1533 964 1584 tranquillo,
981 1546 1163 1583 asperam
1180 1538 1398 1582 tempesta-

217 1593 316 1630 tem,
345 1590 440 1623 item
471 1590 588 1623 maris
616 1589 735 1636 ipsius
762 1587 976 1637 tranquillo
1003 1589 1154 1623 sonitus
1181 1598 1397 1636 spumaeve

218 1640 420 1690 dispersae
446 1646 516 1677 aut
541 1654 669 1690 aquae
695 1640 907 1677 bullantes.
963 1640 1169 1690 pulmones
1195 1641 1334 1676 marini
1359 1641 1398 1676 in

217 1694 362 1743 pelago
388 1693 557 1743 plurium
584 1694 737 1730 dierum
765 1693 936 1731 hiemem
964 1693 1222 1744 portendunt.
1277 1705 1397 1742 saepe

219 1754 259 1784 et
281 1747 438 1784 silentio
455 1750 683 1784 intumescit
705 1747 969 1798 inflatumque
986 1746 1031 1784 ?³
1052 1747 1170 1784 altius
1186 1746 1302 1784 solito
1318 1748 1395 1783 iam

218 1803 320 1837 intra
343 1814 384 1837 se
406 1814 492 1837 esse
513 1807 652 1838 ventos
672 1800 836 1838 fatetur.

264 1948 275 1966 ¹
301 1947 466 1977 Rufi-ham
485 1959 491 1977 :
518 1947 610 1978 caelo
627 1948 784 1988 quamvis
801 1957 928 1978 sereno.

262 1991 273 2008 ²*
303 1990 473 2030 Jlnyshoss:
499 1994 544 2021 et.

257 2032 269 2049 ³
299 2034 457 2073 lz'tcerpla
473 2038 605 2064 astrom.
620 2042 626 2063 1
653 2033 909 2073 flatumqueaut
922 2033 1073 2073 flatuque
1086 2035 1143 2064 aut
1160 2032 1395 2072 inflatumque.

218 2147 286 2180 4¹2
