1486 2359
155 629 218 659 305

158 863 222 895 306

155 1218 216 1248 307

156 1512 220 1543 3⁰8

453 164 642 202 PLINY:
685 163 949 201 NATURAL
984 163 1222 201 HISTORY

244 270 350 312 dine,
370 271 437 319 qui
458 282 528 318 pro
548 281 684 305 umore
704 268 871 304 sufficiat
892 274 1068 310 tantum,
1088 274 1131 304 ut
1153 270 1335 311 sesimae,
1356 273 1425 304 aut

244 327 523 367 amaritudine,
572 334 617 363 ut
665 327 801 376 lupino
849 332 892 363 et
939 326 1151 363 cicerculis.
1207 329 1246 362 in
1294 329 1427 363 tritico

245 390 417 423 maxime
444 392 661 424 nascuntur
688 384 888 429 animalia,
915 388 1102 435 quoniam
1129 387 1330 434 spissitate
1356 398 1427 422 sua

244 445 479 483 concalescit
498 451 538 481 et
557 444 708 481 furfure
725 457 855 481 crasso
872 446 1052 481 vestitur.
1107 446 1265 480 tenuior
1279 443 1427 481 hordeo

245 504 374 554 palea,
403 503 513 540 exilis
543 510 583 540 et
613 503 818 553 legumini,
845 502 936 540 ideo
964 516 1043 539 non
1069 508 1279 553 generant.
1333 501 1426 539 faba

244 563 496 600 crassioribus
545 565 688 599 tunicis
736 564 926 611 operitur,
973 561 1024 598 ob
1071 560 1145 598 hoc
1193 559 1425 598 effervescit.

245 622 403 672 quidam
420 624 547 671 ipsum
561 624 737 658 triticum
752 621 1026 658 diuturnitatis
1039 623 1169 670 gratia
1182 620 1428 671 adspergunt

245 694 418 724 amurca,
438 680 544 717 mille
566 680 716 717 modios
737 679 1005 730 quadrantali,
1025 678 1090 716 alii
1111 678 1338 717 Chalcidica
1358 686 1426 716 aut

245 742 383 777 Carica
405 745 516 776 creta
538 745 607 776 aut
631 742 754 776 etiam
777 737 988 775 absinthio.
1045 745 1105 775 est
1128 744 1170 775 et
1193 737 1360 789 Olynthi
1382 752 1428 775 ac

245 798 423 836 Cerinthi
440 798 630 835 Euboeae
647 804 754 835 terra
771 811 874 848 quae
889 800 1087 847 corrumpi
1104 811 1183 834 non
1198 801 1326 841 sinat;
1355 811 1428 834 nec

247 858 330 895 fere
363 857 523 894 condita
558 861 596 894 in
630 860 738 906 spica
766 857 994 894 laeduntur.
1050 856 1256 894 utilissime
1289 863 1427 893 tamen

245 923 451 953 servantur
468 920 506 953 in
523 917 738 959 scrobibus,
756 929 853 966 quos
870 919 964 953 siros
981 922 1139 960 vocant,
1157 922 1201 952 ut
1216 918 1255 952 in
1272 915 1427 966 Cappa-

246 977 359 1013 docia
369 989 414 1013 ac
424 975 591 1012 Threcia
603 981 643 1011 et
657 975 864 1024 Hispania,
875 974 1010 1012 Africa
1024 987 1032 1018 ;
1049 980 1089 1012 et
1101 974 1116 998 ¹
1131 981 1225 1012 ante
1238 978 1369 1011 omnia
1383 980 1427 1011 ut

245 1038 346 1072 sicco
366 1035 448 1071 solo
471 1035 567 1071 fiant
588 1040 763 1078 curatur,
785 1047 876 1071 mox
899 1040 942 1071 ut
963 1033 1081 1083 palea
1101 1034 1428 1077 substernantur;

245 1100 454 1144 praeterea
477 1107 567 1130 cum
591 1096 698 1143 spica
721 1106 791 1129 sua
813 1093 1039 1130 conduntur
1060 1095 1117 1129 ita
1139 1092 1354 1130 frumenta.
1396 1095 1426 1130 si

245 1153 374 1190 nullus
400 1155 559 1202 spiritus
587 1158 788 1202 penetret.
814 1158 968 1189 certum
996 1158 1056 1189 est
1083 1150 1178 1188 nihil
1204 1151 1426 1189 maleficum

245 1211 426 1249 innasci.²
479 1211 602 1248 Varro
641 1217 779 1248 auctor
818 1218 877 1248 est
916 1214 970 1248 sic
1008 1211 1213 1249 conditum
1251 1213 1426 1248 triticum

245 1271 386 1308 durare
407 1274 517 1307 annis
538 1283 572 1313 L,
591 1270 742 1307 milium
768 1283 860 1307 vero
882 1283 916 1314 c,
938 1269 1073 1307 fabam
1097 1276 1139 1307 et
1162 1269 1364 1320 legumina
1387 1273 1426 1308 in

245 1330 399 1367 oleariis
433 1330 540 1366 cadis
575 1329 699 1366 oblita
732 1332 864 1366 cinere
899 1329 1017 1379 longo
1051 1336 1233 1379 tempore
1267 1332 1426 1366 servari.

245 1390 351 1426 idem
377 1389 500 1426 refert
525 1389 658 1425 fabam
685 1402 707 1425 a
734 1387 873 1439 Pyrrhi
898 1391 1002 1438 regis
1027 1395 1164 1425 aetate
1189 1391 1229 1425 in
1255 1389 1426 1438 quodam

246 1462 365 1498 specu
382 1448 621 1484 Ambraciae
639 1461 764 1497 usque
785 1447 835 1484 ad
856 1450 1067 1497 piraticum
1090 1446 1267 1497 Pompeii
1287 1447 1425 1498 Magni

247 1507 394 1544 bellum
429 1507 591 1543 durasse
627 1509 738 1543 annis
771 1509 928 1543 circiter
960 1519 1064 1543 ccxx.
1119 1509 1233 1543 ciceri
1267 1512 1424 1543 tantum

247 1566 377 1603 nullae
391 1565 583 1602 bestiolae
598 1569 636 1602 in
651 1565 798 1602 horreis
811 1568 1080 1602 innascuntur.
1116 1572 1207 1602 sunt
1221 1567 1288 1615 qui
1302 1568 1426 1602 urceis·

246 1627 377 1661 cinere
403 1625 612 1661 substratis
639 1631 679 1661 et
707 1625 822 1674 pice³
857 1624 976 1661 inlitis
1002 1630 1160 1661 acetum
1186 1623 1425 1661 habentibus

248 1683 494 1734 leguminum
523 1698 683 1720 acervos
713 1686 1032 1733 superingerant,
1060 1686 1115 1720 ita
1145 1697 1222 1720 non
1252 1683 1426 1720 innasci⁴

550 1769 559 1788 ¹
586 1769 761 1809 .l!ayhoss:
787 1769 930 1800 Africae.

550 1813 562 1831 ²
586 1812 776 1843 Racklmm:
801 1813 904 1843 nasci.

553 1856 565 1873 ³
589 1855 660 1895 pice
676 1854 752 1886 add.
771 1855 908 1894 quidam
922 1865 978 1895 ap.
998 1854 1108 1886 Dalec.

556 1899 567 1916 ⁴
592 1898 783 1929 Rackham:
808 1898 911 1929 nasci.

447 2031 462 2046 ⁰
487 2027 545 2059 I.e.
562 2032 599 2058 to
615 2026 706 2068 repel
722 2028 858 2059 insecus.
1008 2025 1020 2044 ⁶
1046 2026 1084 2057 In
1102 2026 1142 2057 67
1162 2035 1226 2059 ΒΩ.

244 2089 315 2135 380
