1486 2359
180 352 222 383 33

179 824 222 855 34

181 1474 223 1503 3ss

450 127 643 165 PLINY:
694 127 958 165 NATURAL
993 125 1231 164 HISTORY

246 228 341 266 fecit
359 232 481 266 etiam
501 229 566 265 ubi
590 229 695 265 bona
716 234 828 265 certa
855 241 934 265 non
960 227 1136 265 fecerat:
1168 227 1427 278 quamobrem

245 291 415 338 primum
435 290 599 324 crimina
618 287 810 324 dicemus.

300 347 463 384 Terram
488 360 664 383 amaram
686 346 968 398 [probaverim]
983 346 996 369 1
1016 345 1293 383 demonstrant
1316 347 1400 383 eius
1414 344 1429 368 ²

246 412 358 443 atrae
386 406 691 456 degeneresque
720 405 883 448 herbae,
910 404 1095 455 frigidam
1136 410 1273 441 autem
1302 410 1427 442 retor-

245 465 330 502 ride
366 471 475 510 nata,
511 468 609 502 item
645 465 880 515 uliginosam
916 467 1059 508 tristia,
1094 464 1292 500 rubricam
1326 462 1426 500 oculi

249 524 523 575 argillamquc‚
552 526 662 573 operi
693 523 938 560 difficillimas
969 536 1152 573 quaeque
1184 528 1328 559 rastros
1358 528 1428 560 aut

246 596 424 620 vomeres
450 583 678 633 ingentibus
699 582 852 633 glaebis
873 588 1055 626 onerent,
1077 594 1320 631 quamquam
1348 594 1427 618 non

245 642 351 692 quod
368 645 477 692 operi
494 641 568 678 hoc
586 648 627 678 et
645 641 789 678 fructui
808 641 1039 685 adversum;
1070 644 1170 678 item
1187 654 1208 677 e
1226 642 1427 678 contrario

245 704 492 738 cineraceam
523 707 565 738 et
598 701 780 737 sabulum
810 700 966 743 album;
1009 713 1099 736 nam
1129 699 1273 737 sterilis
1301 699 1427 737 denso

245 760 345 797 callo
384 759 500 796 facile
540 759 857 809 deprehenditur
897 759 957 795 vel
999 772 1078 795 uno
1119 761 1201 795 ictu
1240 757 1425 808 cuspidis.

247 818 348 856 Cato
375 819 550 856 breviter
575 825 698 869 atque
725 832 774 855 ex
802 832 872 855 suo
899 831 1008 854 more
1038 820 1131 854 vitia
1159 817 1427 854 determinat:

245 877 254 890 ⁴
272 878 435 914 Terram
465 880 657 915 cariosam
687 891 782 914 cave
813 891 912 914 neve
942 877 1122 926 plaustro
1151 889 1252 913 neve
1283 889 1427 926 pecore

246 936 440 986 inpellas.'
492 937 587 987 quid
627 943 816 986 putamus
858 936 932 973 hac
974 935 1246 986 appellatione
1288 936 1338 973 ab
1379 949 1428 973 eo

246 1002 458 1046 tantopere
501 995 748 1033 reformidari
790 1001 834 1032 ut
876 1008 1006 1044 paene
1049 997 1225 1045 vestigiis
1267 1007 1426 1045 quoque

246 1055 488 1093 interdicat?
531 1055 759 1105 redigamus
788 1054 838 1091 ad
867 1054 962 1104 ligni
991 1057 1154 1098 cariem,
1183 1059 1225 1090 et
1254 1056 1426 1091 invenie-

246 1128 332 1151 mus
364 1113 429 1150 illa
462 1127 565 1164 quae
598 1116 637 1150 in
670 1120 830 1151 tantum
863 1113 1116 1150 abominatur
1149 1115 1244 1150 vitia
1276 1111 1427 1158 aridae,

247 1173 462 1217 fistulosae,
508 1173 687 1217 scabrae,
734 1175 928 1217 canentis,
976 1185 1138 1217 exesae,
1184 1173 1427 1222 pumicosae.

204 1240 218 1253 ’“
248 1232 334 1282 plu<
355 1232 455 1269 dixit
485 1245 562 1268 una
593 1232 882 1282 significatione
903 1245 1023 1281 quam
1054 1233 1177 1281 possit
1206 1230 1286 1267 ulla
1313 1233 1427 1280 copia

245 1294 436 1328 sermonis
469 1294 655 1328 enarrari.
711 1297 773 1328 est
805 1293 910 1328 enim
944 1292 1283 1340 interpretatione
1316 1292 1428 1327 vitio-

247 1363 331 1386 rum
355 1350 553 1400 quaedam
578 1363 655 1386 non
679 1356 832 1393 aetate,
855 1363 959 1399 quae
983 1349 1089 1385 nulla
1113 1351 1152 1385 in
1175 1362 1224 1385 ea
1246 1348 1427 1399 intellegi

246 1416 394 1458 potest,
410 1409 480 1446 sed
498 1415 639 1446 natura
657 1422 727 1446 sua
744 1408 888 1452 anilis,3
904 1415 1025 1452 terra,
1042 1415 1083 1445 et
1103 1408 1195 1445 ideo
1214 1406 1428 1445 infecunda

249 1468 299 1504 ad
334 1471 466 1505 omnia
501 1475 624 1518 atque
661 1467 858 1505 inbecilla.
913 1467 1019 1504 idem
1057 1480 1195 1517 agrum
1231 1469 1426 1516 optimum

246 1527 395 1564 iudicat
433 1527 483 1564 ab
520 1527 654 1564 radice
691 1530 887 1564 montium
926 1526 1090 1576 planitie
1138 1529 1177 1562 in
1220 1525 1427 1563 meridiem

247 1587 560 1630 excurrenten1,‘¹
577 1589 642 1636 qui
665 1593 724 1623 est
743 1589 866 1623 totius
886 1585 1025 1622 Italiae
1043 1588 1154 1628 situs,
1170 1591 1319 1622 terram
1337 1598 1428 1622 vero

246 1650 429 1682 teneram
451 1658 553 1695 quac·
575 1652 740 1682 vocetur
759 1645 888 1694 pulla;
923 1647 998 1681 erit
1020 1647 1139 1694 igitur
1159 1643 1258 1680 haec
1277 1646 1428 1694 optima

540 1723 549 1741 ¹
576 1721 656 1754 secl.
676 1721 832 1762 ,ilapshoss
845 1720 905 1761 (vel
923 1721 1142 1762 probaturis).

538 1765 550 1784 ¹
576 1765 749 1805 Illayhffs:
775 1775 842 1796 eas·

536 1809 549 1828 ³
575 1808 748 1848 Mayhoff:
774 1818 870 1839 anus,

538 1852 550 1871 ⁴
577 1851 764 1883 Rari-ham:
791 1854 1001 1882 excurrente.

274 1930 307 1976 v·
333 1925 377 1957 De
396 1925 479 1965 Aqri
497 1925 637 1956 Cultura
655 1925 701 1960 (in
719 1923 811 1964 early
829 1923 966 1964 printed
982 1921 1129 1954 editions
1147 1922 1195 1954 De
1212 1923 1258 1954 Re
1275 1899 1428 1962 Rustic-ti)

255 1967 273 1998 Χ
289 1969 429 2046 lania..
449 2009 475 2042 1.
494 2010 524 2048 3,
542 2009 626 2042 CLI.
645 2011 675 2042 2.

248 2067 291 2099 24
