1486 2359
419 170 614 208 PLINY:
666 169 929 208 NATURAL
965 167 1203 206 HISTORY

219 273 283 311 die
313 279 372 311 est
401 275 431 309 si
460 275 606 309 roravit
635 272 1048 322 quantulumcumque
1075 271 1244 308 imbrem
1272 275 1342 307 aut
1368 273 1401 308 si

219 337 404 381 adflavit;
439 337 489 374 de
513 336 666 387 reliquo
690 342 807 374 tutae
832 342 925 373 sunt
949 341 1147 386 perpetua
1171 337 1402 378 securitate,

220 415 423 452 aquasque
452 407 594 451 postea
624 401 757 438 odere.
813 406 854 438 et
883 399 1036 450 zizipha
1064 412 1190 450 grano
1217 405 1404 437 seruntur

220 466 345 516 Aprili
375 479 525 503 mense.
583 465 746 503 tuberes
779 464 920 502 melius
950 467 1178 502 inseruntur
1206 467 1247 501 in
1275 476 1403 514 pruno

219 530 386 567 silvestri
405 537 445 567 et
467 529 572 567 malo
588 535 757 566 cotoneo
775 535 817 566 et
836 532 876 566 in
892 528 1112 566 calabrice:
1144 541 1192 565 ea
1212 534 1274 566 est
1289 530 1403 578 spina

218 594 418 631 silvestris
474 607 751 644 quaecumque
791 596 945 644 optime
986 600 1029 630 et
1068 605 1209 644 myxas
1249 595 1403 643 recipit,

221 659 373 696 utiliter
394 665 434 696 et
457 659 604 696 sorbos.

269 722 433 760 Plantas
453 736 501 760 ex
522 726 734 760 seminario
753 722 970 760 transferre
990 725 1029 759 in
1048 721 1156 759 aliud
1174 724 1402 773 priusquam

219 801 290 824 suo
325 787 410 825 loco
445 794 646 837 ponantur
680 800 846 837 operose
882 789 1057 836 praecipi
1093 787 1276 830 arbitror,
1310 785 1403 824 licet

217 851 481 889 translatione
505 852 599 888 folia
623 851 766 888 latiora
791 852 874 889 fieri
898 851 1137 901 spondeant.

270 916 354 953 XV.
386 916 610 960 Ulmorum,
628 919 857 966 priusquam
875 915 977 953 soliis
996 918 1232 959 vestiantur,
1248 928 1403 952 samara

217 980 440 1031 colligenda
461 987 521 1017 est
541 983 643 1018 circa
665 980 835 1018 Martias
855 980 1063 1024 kalendas,
1081 993 1172 1017 cum
1191 979 1403 1017 flavescere

218 1048 369 1095 incipit.
423 1045 515 1082 dein
537 1045 658 1082 biduo
688 1048 727 1082 in
752 1045 893 1082 umbra
914 1047 1064 1082 siccata
1089 1044 1259 1082 serenda
1280 1044 1403 1082 densa

218 1113 257 1146 in
271 1109 459 1153 refracto,
477 1115 585 1146 terra
599 1123 719 1159 super
732 1112 886 1146 minuta
901 1109 1130 1152 incribrata,
1142 1109 1403 1146 crassitudine

218 1187 297 1224 qua
316 1177 354 1210 in
375 1177 591 1224 cupressis;
625 1173 783 1224 pluviae
803 1177 834 1210 si
855 1187 933 1210 non
953 1173 1160 1218 adiuvent,
1178 1173 1401 1225 rigandum.

218 1238 462 1276 differendae
483 1252 532 1276 ex
553 1251 736 1275 arearum
757 1241 866 1275 venis
890 1244 981 1288 post
1001 1251 1150 1275 annum
1178 1240 1219 1275 in
1237 1237 1403 1276 ulmaria

219 1302 427 1340 intervallo
469 1302 602 1353 pedali
651 1305 691 1340 in
740 1316 941 1354 quamque
989 1309 1160 1353 partem.
1214 1303 1371 1340 Atinias
1387 1303 1402 1326 ²

218 1367 344 1404 ulmos
365 1374 558 1404 autumno
579 1381 712 1404 serere
735 1367 886 1411 utilius,
907 1370 1001 1418 quia
1020 1373 1205 1405 carentes
1225 1366 1403 1405 semine²

218 1431 364 1480 plantis
384 1438 582 1469 seruntur.
634 1435 675 1468 in
692 1432 900 1469 arbustum
919 1434 1198 1482 quinquennes
1214 1432 1288 1469 sub
1304 1431 1402 1470 urbe

216 1495 541 1533 transferantur³
589 1502 674 1539 aut,
722 1502 766 1533 ut
816 1496 1054 1546 quibusdam
1102 1495 1252 1546 placet,
1299 1509 1402 1547 quae

218 1562 399 1597 vicenum
418 1560 566 1610 pedum
586 1573 671 1598 esse
689 1567 922 1610 coeperunt.
977 1560 1192 1598 scrantur⁴
1210 1559 1318 1598 sulco
1335 1564 1401 1612 qui

217 1627 453 1662 novenarius
498 1624 643 1662 dicitur
686 1624 902 1662 altitudine
946 1624 1096 1675 pedum
1139 1627 1275 1670 trium,
1315 1628 1400 1675 pari

271 1725 281 1744 ¹
306 1725 439 1756 Atinia-s
455 1725 525 1757 roll.
545 1725 627 1757 xvl
650 1727 708 1757 108
727 1725 901 1766 Mayhoss:
927 1727 1078 1758 maritas.

268 1769 280 1786 ²
305 1768 475 1809 AMyhoff:
514 1770 640 1800 semine
672 1779 750 1800 nam
784 1774 854 1805 (aut
884 1770 966 1806 non)
999 1774 1037 1800 ut
1067 1780 1085 1800 e
1114 1769 1256 1807 <semine
1281 1773 1399 1801 nemut

226 1811 332 1842 Warm
340 1813 448 1851 i'nqlon
458 1815 478 1848 ).

266 1855 279 1873 ⁸
302 1854 469 1885 Rackham
485 1867 492 1885 :
518 1855 729 1886 transferunt
746 1857 879 1893 (-untur
895 1854 943 1885 cd.
961 1855 1094 1896 Chim).

268 1898 280 1915 ⁴
303 1902 460 1929 serantur
474 1897 550 1929 add.
567 1898 746 1929 Beck-ham.

548 2004 562 2018 ⁰
587 1999 838 2031 Idontffimtion
856 2001 1043 2032 uncertain.

544 2043 556 2060 ⁶
583 2044 605 2073 A
626 2043 686 2073 tall
705 2043 846 2084 variety.

218 2110 262 2148 52
