1486 2359
137 739 197 770 189

137 1617 198 1648 190

428 147 618 185 PLINY:
671 148 934 186 NATURAL
971 147 1209 186 HISTORY

225 251 291 288 alii
307 257 447 289 vetant
465 257 755 302 gemmantem,
771 251 906 288 decuti
924 253 1029 288 enim
1047 250 1179 288 oculos
1195 255 1410 301 tractuque

226 335 460 369 intrantium
489 331 634 376 deteri,
664 337 705 369 et
735 332 785 368 ob
814 331 854 368 id
882 331 1098 368 arcendum
1128 331 1263 381 procul
1292 344 1410 368 omne

225 413 387 463 quidem
399 426 534 462 pecus,
546 412 616 450 sed
629 415 803 449 maxime
814 412 1012 455 lanatum,
1024 414 1212 462 quoniam
1223 411 1410 449 facillime

225 493 383 530 auferat
400 505 605 543 gemmas3
637 495 813 530 inimicos
832 499 873 530 et
892 493 1139 543 pubescente
1157 505 1233 530 uva
1250 498 1412 535 rastros.

224 576 400 624 satisque
426 587 511 610 esse
528 576 686 610 vineam
703 579 767 610 ter
783 586 887 610 anno
903 573 1075 616 confodi,
1093 573 1143 609 ab
1160 575 1412 624 aequinoctio

226 667 345 691 verno
387 653 438 691 ad
480 653 732 704 vergiliarum
776 660 961 690 exortum
1004 659 1046 690 et
1087 656 1195 690 canis
1237 659 1333 691 ortu
1369 660 1412 691 et

224 737 475 785 nigrescente
487 737 613 772 acino,
669 733 832 784 quidam
843 737 901 771 ita
912 734 1184 771 determinant
1199 747 1208 771 :
1233 739 1411 771 veterem

225 815 349 852 semel
369 828 392 851 a
413 814 613 851 xindemia
635 820 730 851 ante
751 814 933 851 brumam
955 815 1061 863 (cum
1083 814 1148 851 alii
1169 814 1412 865 ablaqueare

225 901 266 932 et
281 901 501 932 stercorare
516 898 613 932 satis
628 895 806 945 putent),
820 897 968 932 iterum
983 895 1033 931 ab
1050 895 1179 932 idibus
1196 895 1411 945 Aprilibus,

225 983 442 1027 antequam
469 979 682 1026 concipiat,
708 975 781 1013 hoc
808 981 870 1013 est
896 978 937 1012 in
963 988 1002 1012 vl
1030 975 1116 1013 idus
1146 975 1293 1020 Maias,
1319 976 1412 1013 dein

225 1060 331 1107 prius
363 1070 483 1108 quam
515 1056 655 1094 florere
686 1059 866 1106 incipiat,
897 1062 940 1093 et
970 1070 1060 1093 cum
1093 1055 1339 1101 defloruerit,
1369 1064 1411 1094 et

226 1141 403 1175 variante
421 1151 463 1175 se
481 1150 580 1182 uva3
612 1140 820 1188 peritiores
838 1137 1067 1181 adfirmant,
1083 1140 1114 1174 si
1132 1140 1236 1175 iusto
1252 1140 1411 1188 saepius

225 1219 415 1263 fodiatur,
434 1222 474 1255 in
491 1225 654 1256 tantum
672 1225 926 1255 tenerescere
945 1221 1078 1255 acinos
1098 1224 1143 1255 ut
1162 1224 1409 1269 rumpantur.

226 1313 328 1350 quae
358 1299 560 1337 fodiantur
589 1306 684 1336 ante
714 1299 915 1337 ferventes
945 1297 1061 1336 horas
1091 1299 1169 1336 diei
1199 1299 1410 1337 fodiendas

225 1383 424 1424 convenit,
459 1383 574 1417 sicuti
610 1380 739 1417 lutum
774 1393 906 1430 neque
941 1393 1054 1416 arare
1090 1393 1221 1430 neque
1256 1379 1410 1424 fodere,

225 1461 395 1498 fossione
416 1461 621 1511 pulverem
641 1463 863 1498 excitatum
882 1466 1021 1498 contra
1041 1459 1143 1498 soles
1163 1460 1410 1512 nebulasque

224 1531 423 1581 prodesse.

276 1611 528 1662 Pampinatio
553 1624 674 1649 verna
700 1614 740 1648 in
763 1610 945 1649 confesso
971 1616 1032 1649 est
1057 1611 1108 1648 ab
1133 1611 1264 1649 idibus
1291 1610 1410 1649 Maiis

226 1695 329 1730 intra
350 1692 434 1729 dies
454 1705 491 1736 x,
511 1695 650 1743 utique
671 1697 889 1742 antequam
910 1691 1049 1729 florere
1073 1694 1253 1742 incipiat,
1272 1697 1315 1730 et
1334 1705 1384 1730 ea
1397 1692 1409 1716 ยน

226 1772 327 1809 infra
349 1775 484 1823 iugum
505 1772 654 1810 debere
681 1772 777 1810 fieri.
835 1772 885 1810 de
915 1778 1111 1822 sequente
1137 1775 1292 1809 variant
1320 1782 1409 1810 sen-

227 1856 381 1891 tentiae
397 1866 406 1891 z
431 1867 523 1891 cum
538 1852 769 1891 defloruerit
781 1852 902 1903 aliqui
918 1852 1234 1903 pampinandum
1248 1858 1409 1903 putant,

716 1990 727 2009 ยน
751 2000 825 2022 eam
843 1989 912 2022 oid.

227 2079 294 2115 130
