1486 2359
153 384 213 415 109

152 736 213 766 110

151 1148 208 1179 111

447 157 628 194 I‘LINY:
677 158 940 195 NATURAL
978 156 1214 195 HISTORY

240 262 465 298 excussoria
496 266 539 297 et
568 259 791 310 polhnaria,
822 261 1035 310 Aegyptus
1066 273 1088 297 e
1118 272 1271 311 papyro
1301 265 1424 311 atque

238 322 365 356 iunco.

290 377 441 415 XXIX.
472 377 551 415 Sed
564 380 669 415 inter
684 380 810 428 prima
827 378 984 415 dicatur
996 383 1038 415 et
1055 377 1179 415 alicae
1194 380 1298 414 ratio
1312 390 1425 428 prae-

239 439 510 474 stantissimae
526 437 906 487 saluberrimaeque,
919 450 998 487 qua
1010 436 1025 460 ¹
1046 436 1179 486 palma
1194 436 1354 488 frugum
1369 439 1426 474 in-

239 495 427 533 dubitata
445 495 589 533 Italiae
604 498 786 546 contigit.
824 496 867 533 fit
883 498 966 533 sine
981 495 1102 532 dubio
1115 498 1209 532 etin
1223 496 1426 547 Aegypto,

239 554 310 592 sed
328 554 543 592 admodum
561 555 802 604 spernenda,
819 557 858 591 in
878 554 997 592 Italia
1015 567 1108 591 vero
1125 554 1301 604 pluribus
1318 554 1426 599 locis,

241 616 343 650 sicut
370 613 589 651 Veronensi
610 613 833 664 Pisanoque
853 627 962 664 agro,
981 616 1021 650 in
1043 613 1264 662 Campania
1288 619 1425 651 tamen

239 672 528 710 laudatissima.
581 686 746 723 campus
775 679 836 710 est
863 672 1072 710 subiacens
1100 672 1302 709 montibus
1329 675 1427 710 nim-

239 731 356 775 bosis,
372 738 482 768 totus
503 732 668 782 quidem
690 727 738 770 ,κ’-ι,
755 745 793 781 p.
815 731 995 781 planitie.
1033 737 1141 768 terra
1162 733 1260 775 eius,
1280 737 1324 768 ut
1340 744 1428 781 pro-

239 793 346 827 tinus
367 790 437 827 soli
457 797 603 827 natura
623 791 793 833 dicatur,
813 790 1002 840 pulverea
1025 803 1195 834 summa,
1215 789 1399 828 inferiore
1412 790 1427 813 ²

239 849 377 885 bibula
413 855 453 886 et
488 852 654 899 pumicis
690 852 773 886 vice
810 849 987 886 fistulosa
1022 862 1195 899 quoque,
1229 851 1425 886 montium

238 907 354 957 culpa
376 911 415 944 in
436 908 584 945 bonum
605 908 735 951 cedit;
770 909 927 945 crebros
949 910 1055 945 enim
1076 908 1222 944 imbres
1243 907 1422 958 percolat

239 973 362 1017 atque
379 970 635 1009 transmittit,
653 980 726 1004 nec
743 967 838 1004 dilui
856 973 925 1003 aut
942 967 1107 1004 madere
1124 966 1247 1003 voluit
1264 972 1428 1017 propter

239 1025 476 1063 facilitatem
489 1026 505 1049 ³
521 1026 716 1070 culturae,
729 1026 872 1063 eadem
890 1031 1101 1076 acceptum
1117 1039 1297 1063 umorem
1313 1025 1426 1063 nullis

239 1084 414 1121 fontibus
444 1085 577 1122 reddit
606 1085 678 1122 sed
705 1091 935 1134 temperate
965 1097 1216 1135 concoquens
1246 1087 1353 1122 intra
1380 1098 1423 1122 se

239 1146 322 1181 vice
341 1146 422 1181 suci
437 1143 453 1167 ⁴
472 1147 665 1181 continet.
721 1147 865 1181 seritur
883 1150 971 1180 toto
990 1157 1108 1187 anno,
1126 1146 1269 1193 panico
1287 1143 1425 1188 semel,

239 1203 298 1239 bis
319 1202 448 1247 farre;
484 1209 526 1240 et
547 1209 686 1240 tamen
709 1217 802 1240 vere
824 1209 985 1253 segetes
1007 1215 1111 1253 quae
1133 1205 1427 1253 interquievere

239 1261 413 1299 fundunt
443 1276 573 1299 rosam
603 1262 873 1299 odoratiorem
903 1265 1046 1305 sativa,
1077 1261 1179 1299 adeo
1208 1267 1318 1299 terra
1349 1275 1426 1299 non

237 1327 367 1358 cessat
388 1333 551 1370 parere3
581 1321 687 1358 unde
708 1321 824 1371 volgo
847 1321 999 1358 dictum
1020 1320 1107 1370 plus
1128 1320 1235 1370 apud
1255 1320 1426 1370 Campa-

239 1393 309 1416 nos
331 1383 526 1430 unguenti
541 1393 663 1430 quam
683 1380 791 1430 apud
803 1385 959 1417 ceteros
979 1379 1054 1416 olei
1078 1380 1173 1416 fieri.
1229 1386 1423 1429 quantum

239 1445 376 1476 autem
398 1442 600 1476 universas
621 1445 750 1476 terras
770 1451 935 1489 campus
957 1438 1186 1488 Campanus
1207 1439 1426 1483 antecedit,

238 1503 400 1535 tantum
413 1501 541 1547 ipsum
554 1511 645 1548 pars
659 1501 743 1535 eius
757 1511 861 1548 quae
877 1497 1073 1535 Leboriae
1087 1503 1293 1541 vocantur,
1305 1510 1425 1548 quem

241 1555 505 1607 Phlegraeum
546 1557 689 1594 Graeci
728 1556 947 1607 appellant.
1003 1556 1194 1593 finiuntur
1232 1555 1426 1594 Leboriae

240 1618 302 1651 via
317 1616 367 1653 ab
382 1621 551 1666 utroque
566 1615 694 1653 latere
708 1615 904 1653 consulari
919 1628 1023 1665 quae
1038 1628 1060 1652 a
1076 1614 1251 1652 Puteolis
1266 1620 1307 1652 et
1322 1627 1426 1666 quae

447 1710 456 1728 ¹
481 1709 650 1741 Racltham
666 1721 673 1739 :
698 1709 958 1741 saluberrimam
977 1719 1063 1750 quae
1079 1713 1137 1740 aue
1152 1708 1229 1740 cim.

444 1754 456 1771 ‘²
480 1752 671 1784 Rackham:
696 1752 844 1784 inferior.

444 1796 456 1814 ³
480 1795 679 1827 felicitatem
695 1794 766 1827 cdd.
782 1794 865 1836 pler.

445 1839 456 1856 ⁴
481 1839 551 1869 suci
567 1837 616 1870 cd.
632 1838 712 1870 Par.
730 1838 802 1869 Lat.
819 1837 925 1869 6797:
952 1837 1017 1869 fusi
1033 1836 1102 1869 rell.

274 1979 287 1993 ‘¹
311 1974 382 2006 The
401 1974 507 2005 cei-cal
527 1973 723 2005 mentioned
742 1978 778 2005 at
797 1974 868 2013 §50
885 1972 952 2004 and
971 1972 1161 2010 elsewhere,
1179 1975 1294 2013 groate
1312 1971 1411 2003 made

227 2017 312 2049 from
325 2018 384 2058 sar
402 2031 433 2042 =
453 2027 580 2048 emmer
597 2017 718 2049 wheat.

229 2080 298 2126 258
