1486 2359
390 181 556 219 PLINY
570 194 579 219 ε
622 181 658 218 N
660 181 886 220 ATURAL
921 181 1158 221 HISTORY

180 291 441 329 crassescunt,
457 285 646 335 depositis
661 285 783 323 caulis
801 291 844 323 et
862 298 1023 330 semem
1053 286 1206 325 distant
1221 301 1363 338 sapore

94 365 154 397 105
181 367 342 398 tantum
368 360 484 398 dulci.
539 360 646 410 apud
672 373 742 397 nos
768 360 847 398 duo
873 363 1001 411 prima
1027 375 1200 412 genera:
1242 377 1365 402 unum

90 968 150 1000 106

90 1497 148 1528 107

181 435 533 480 condimentariae,
560 449 680 486 quam
706 435 759 473 illi
785 439 938 487 getion,
964 440 1087 474 nostri
1113 437 1366 488 pallacanam

180 517 336 555 vocant,
384 514 529 548 seritur
576 512 777 549 mensibus
830 511 995 566 Martio,
1044 513 1186 563 Aprili,
1238 514 1363 560 Maio,

180 586 350 624 alterum
367 589 570 636 capitatae
589 600 692 638 quae
711 587 761 624 ab
780 589 1039 638 aequinoctio
1059 591 1242 626 autumni
1261 589 1323 627 vel
1341 603 1365 628 a

178 661 347 699 favonio.
401 675 549 713 genera
579 664 662 700 eius
691 665 937 700 austeritatis
967 663 1126 701 ordine:
1158 663 1365 711 Africana,

179 737 344 781 Gallica,
370 737 606 781 Tusculana,
635 737 859 782 Ascalonia,
888 738 1157 776 Amiternina.
1211 743 1365 792 optima

177 819 315 850 autem
351 826 453 864 quae
489 813 783 858 rotundissima,
818 816 917 851 item
952 813 1041 851 rufa
1077 817 1204 852 acrior
1239 829 1363 867 quam

176 888 359 932 candida,
383 894 425 925 et
448 891 550 926 sicca
573 901 694 939 quarn
717 888 863 933 viridis,
887 894 930 926 et
953 889 1077 927 cruda
1100 903 1222 941 quam
1245 898 1363 930 cocta

176 967 275 1001 sicut
294 964 307 986 ¹
328 977 449 1015 quam
468 963 640 1001 condita.
695 966 838 1001 seritur
865 964 1119 1002 Amiternina
1140 965 1292 1017 frigidis
1321 972 1364 1005 et

178 1039 320 1076 umidis
338 1039 444 1083 locis,
464 1045 506 1077 et
523 1039 607 1076 sola
625 1039 689 1076 alii
708 1040 826 1077 modo
843 1042 991 1089 capite,
1009 1040 1188 1091 reliquae
1207 1044 1360 1082 semine

178 1118 438 1165 proximaque
454 1121 610 1152 aestate
625 1114 776 1152 nullum
791 1128 929 1153 semen
945 1118 1138 1154 emittunt
1152 1117 1224 1154 sed
1237 1124 1361 1168 caput

175 1196 336 1227 tantum
350 1190 456 1240 quod
475 1193 656 1227 increscit
669 1203 678 1234 ;
691 1190 706 1214 ²
735 1193 920 1241 sequenti
937 1197 1075 1229 autem
1088 1205 1192 1229 anno
1204 1205 1362 1243 permu-

177 1271 265 1303 tata
279 1268 432 1302 ratione
447 1278 583 1303 semen
597 1268 788 1316 gignitur,
801 1272 923 1316 caput
938 1269 1067 1316 ipsum
1080 1271 1358 1318 corrumpitur.

177 1354 272 1392 ergo
304 1341 485 1378 omnibus
518 1343 629 1378 annis
662 1344 879 1391 separatim
911 1355 1049 1380 semen
1081 1355 1205 1393 cepae
1237 1357 1358 1382 causa

175 1419 333 1460 seritur,
362 1419 577 1466 separatim
607 1429 705 1467 cepa
745 1419 917 1454 seminis.
983 1423 1192 1455 servantur
1221 1424 1359 1458 autem

177 1495 327 1542 optime
366 1494 404 1528 in
441 1491 577 1542 paleis.
632 1495 788 1543 getium
825 1505 955 1543 paene
992 1496 1076 1530 sine
1112 1496 1245 1544 capite
1283 1501 1359 1541 est,

175 1570 334 1604 cervicis
370 1573 531 1604 tantum
568 1567 712 1618 longae
748 1574 791 1605 et
831 1568 922 1606 ideo
957 1574 1090 1606 totum
1127 1571 1167 1606 in
1202 1569 1358 1616 fronde,

175 1645 412 1693 saepiusque
430 1648 632 1680 resecatur
649 1649 693 1680 ut
710 1655 893 1693 porrum;
925 1643 1015 1681 ideo
1032 1650 1074 1681 et
1091 1643 1187 1682 illud
1203 1651 1356 1691 serunt,

174 1731 253 1755 non
288 1717 506 1767 deponunt.
572 1724 707 1756 cetero
740 1731 858 1768 cepas
887 1725 951 1756 ter
978 1718 1082 1756 fosso
1110 1722 1186 1758 seri
1215 1720 1356 1759 iubent

175 1795 383 1843 extirpatis
403 1793 599 1830 radicibus
619 1793 846 1838 herbarum,
866 1796 906 1831 in
926 1797 1064 1845 iugera
1083 1794 1207 1832 denas
1224 1795 1356 1842 libras,

175 1871 433 1906 intermisceri
467 1870 698 1914 satureiam,
733 1871 920 1920 quoniam
955 1869 1095 1908 melius
1130 1873 1355 1921 proveniat,

425 1992 435 2011 ¹
461 1992 617 2033 Jtayhoss
629 1991 699 2024 coll.
717 1992 827 2025 Dio-sc.
847 2003 872 2025 11
893 1994 975 2025 180:
1001 1994 1099 2026 sicca.

423 2035 435 2054 ²
458 2035 591 2066 Dulce„
618 2036 786 2068 inarescit.
