1486 2359
139 391 198 421 186

139 878 197 909 187

141 1716 198 1746 188

428 141 616 178 PLINY:
669 142 933 178 NATURAL
970 141 1206 179 HISTORY

224 245 409 283 tellurem
425 245 666 282 vindemiam
683 247 823 287 mittit,
837 244 1032 294 siquidem
1049 251 1090 281 et
1107 247 1144 281 in
1161 244 1295 282 Africa
1309 250 1352 282 et
1366 247 1404 282 in

226 316 415 366 Aegypto
429 314 622 365 Syriaque
637 327 682 351 ac
696 320 784 351 tota
800 315 895 350 Asia
911 319 953 350 et
967 313 1101 351 multis
1115 314 1207 351 locis
1221 314 1406 364 Europae

225 384 286 422 hic
314 398 397 421 mos
423 383 643 434 praevalet.
698 384 751 420 ibi
779 397 874 433 ergo
901 386 1015 420 iuxta
1040 390 1190 420 terram
1215 387 1406 434 conprimi

225 455 347 491 debet
376 457 479 497 vitis,
506 453 648 490 eodem
676 453 794 490 modo
821 459 863 490 et
888 459 1071 502 tempore
1098 456 1249 490 nutrita
1274 454 1407 491 radice

225 538 303 574 quo
343 527 381 560 in
421 526 559 570 iugata
601 525 730 566 vinea,
768 528 813 559 ut
852 535 1011 572 semper
1049 522 1209 572 pollices
1246 529 1407 560 tantum

226 593 514 643 relinquantur.
562 591 684 629 fertili
738 592 821 629 solo
874 605 964 629 cum
1016 595 1140 629 ternis
1159 592 1174 616 ¹
1225 596 1409 643 gemmis,

226 663 512 713 gracilioreque
539 662 672 706 binis‚²
699 667 961 712 praestatque
988 661 1134 698 multos
1168 675 1254 700 esse
1287 676 1407 712 quam

226 733 375 779 longos.
431 745 534 782 quae
550 732 600 768 de
616 737 761 768 natura
776 731 847 768 soli
863 731 1034 768 diximus
1049 738 1166 768 tanto
1181 735 1409 782 potentiora

226 805 451 839 sentientur
471 807 622 851 quanto
643 804 801 851 propior
821 800 940 838 fuerit
960 814 1037 838 uva
1056 807 1200 839 terrae.

277 872 435 909 Genera
458 873 633 921 separari
654 884 700 907 ac
722 870 883 921 singulis
904 873 1055 908 conseri
1076 877 1230 909 tractus
1252 871 1409 910 utilissi-

226 944 562 979 mum—mixtura
596 943 702 978 enim
735 953 929 991 generum
963 943 1086 977 etiam
1121 943 1160 977 in
1193 944 1297 986 vino,
1330 956 1408 979 non

227 1012 344 1049 modo
372 1014 411 1048 in
438 1017 570 1047 musto
597 1010 868 1047 discors—aut
895 1012 926 1047 si
953 1013 1210 1055 misceantur,
1230 1025 1308 1048 non
1332 1011 1409 1049 alia

227 1095 347 1132 quam
367 1083 517 1130 pariter
536 1082 849 1117 maturescentia
870 1082 980 1130 iungi
997 1083 1276 1118 necessarium.
1316 1083 1408 1132 iuga

227 1151 367 1188 altiora
389 1164 467 1201 quo
488 1150 632 1187 laetior
653 1163 749 1200 ager
771 1155 813 1186 et.
836 1163 914 1199 quo
935 1149 1104 1199 planior,
1120 1152 1219 1188 item
1240 1151 1408 1196 roscido,

231 1221 419 1258 nebuloso
475 1223 684 1270 minusque
739 1225 905 1256 ventoso
957 1222 1216 1265 conveniunt,
1267 1227 1407 1258 contra

227 1290 434 1328 humiliora
457 1289 594 1340 gracili
619 1295 661 1326 et
686 1289 796 1326 arido
820 1295 862 1326 et
886 1295 1072 1326 aestuoso
1099 1292 1309 1341 ventisque
1338 1305 1407 1328 ex·

228 1364 367 1410 posito.
425 1363 519 1409 iuga
545 1359 596 1396 ad
622 1359 911 1409 pedamentum
939 1372 1059 1409 quam
1080 1362 1277 1397 artissimo
1304 1361 1408 1398 nodo

229 1432 361 1467 vinciri
387 1435 562 1479 oportet,
583 1432 704 1466 vitem
733 1428 840 1465 leni⁸
865 1431 1072 1466 contineri.
1128 1442 1231 1480 quae
1258 1444 1407 1480 genera

229 1503 366 1537 vitium
398 1505 438 1535 et
470 1502 508 1536 in
539 1498 644 1548 quali
672 1498 754 1535 solo
779 1498 972 1549 caeloque
1002 1505 1138 1536 essent
1163 1501 1408 1539 conserenda

227 1584 316 1607 cum
364 1581 687 1606 enumeraremus
735 1574 899 1606 naturas
946 1581 1084 1606 earum
1130 1574 1173 1606 et
1229 1572 1406 1608 vinorum

227 1640 443 1677 docuimus.

278 1709 340 1746 De
361 1708 512 1758 reliquo
532 1707 643 1745 cultu
663 1706 925 1745 vehementer
945 1708 1173 1759 ambigitur.
1228 1708 1406 1761 plerique

227 1784 383 1817 aestate
397 1784 485 1815 tota
499 1784 587 1827 post
603 1777 776 1828 singulos
789 1790 896 1815 rores
909 1777 1068 1815 confodi
1082 1778 1221 1816 iubent
1236 1782 1406 1825 vineam,

277 1879 287 1897 ¹
311 1878 442 1910 ternis?
462 1877 636 1918 Mayhoff:
663 1876 782 1908 tribus.

275 1922 287 1941 ²
309 1921 482 1962 graciliore
502 1921 588 1952 binis
607 1931 622 1952 e
642 1919 768 1952 Colum.
786 1919 969 1951 Pintianus
989 1923 1083 1961 (-que
1098 1921 1173 1953 add.
1187 1923 1201 1952 2
1219 1921 1403 1964 MayMjfi:

229 1964 402 2006 graciliore
419 1964 540 2005 quinis.

274 2009 286 2027 ³
310 2008 375 2039 leni
389 2011 402 2038 't
428 2006 593 2048 Mayhosf:
620 2005 694 2037 leve
710 2005 792 2046 (levi
808 2004 858 2037 cd.
875 2006 955 2038 Par.
973 2005 1045 2038 Lat.
1063 2006 1174 2047 6797).

230 2073 294 2105 1225
