<?xml version="1.0" encoding="UTF-8"?>
<!DOCTYPE html PUBLIC "-//W3C//DTD XHTML 1.0 Transitional//EN"
    "http://www.w3.org/TR/xhtml1/DTD/xhtml1-transitional.dtd">
<html xmlns="http://www.w3.org/1999/xhtml" xml:lang="en" lang="en">
 <head>
  <title>
</title>
<meta http-equiv="Content-Type" content="text/html;charset=utf-8" />
  <meta name='ocr-system' content='tesseract 3.04.00' />
  <meta name='ocr-capabilities' content='ocr_page ocr_carea ocr_par ocr_line ocrx_word'/>
</head>
<body>
  <div class='ocr_page' id='page_1' title='image "./naturalhistory05plinuoft/naturalhistory05plinuoft_0386.png"; bbox 0 0 1486 2359; ppageno 0'>
   <div class='ocr_carea' id='block_1_1' title="bbox 149 685 210 716">
    <p class='ocr_par' dir='ltr' id='par_1_1' title="bbox 149 685 210 716">
     <span class='ocr_line' id='line_1_1' title="bbox 149 686 176 716; textangle 90"><span class='ocrx_word' id='word_1_1' title='bbox 149 686 176 716; x_wconf 66' lang='lat'>39</span> 
     </span>
     <span class='ocr_line' id='line_1_2' title="bbox 182 685 210 715; textangle 90"><span class='ocrx_word' id='word_1_2' title='bbox 182 685 210 715; x_wconf 68' lang='grc' dir='ltr'>ὦ</span> 
     </span>
    </p>
   </div>
   <div class='ocr_carea' id='block_1_2' title="bbox 150 1181 211 1210">
    <p class='ocr_par' dir='ltr' id='par_1_2' title="bbox 150 1181 211 1210">
     <span class='ocr_line' id='line_1_3' title="bbox 150 1181 211 1210; baseline 0 0"><span class='ocrx_word' id='word_1_3' title='bbox 150 1181 211 1210; x_wconf 69' lang='lat'>:3503</span> 
     </span>
    </p>
   </div>
   <div class='ocr_carea' id='block_1_3' title="bbox 149 1488 211 1519">
    <p class='ocr_par' dir='ltr' id='par_1_3' title="bbox 149 1488 211 1519">
     <span class='ocr_line' id='line_1_4' title="bbox 149 1488 211 1519; baseline -0.016 -1"><span class='ocrx_word' id='word_1_4' title='bbox 149 1488 211 1519; x_wconf 65' lang='grc'>294</span> 
     </span>
    </p>
   </div>
   <div class='ocr_carea' id='block_1_4' title="bbox 449 143 1215 183">
    <p class='ocr_par' dir='ltr' id='par_1_4' title="bbox 449 143 1215 183">
     <span class='ocr_line' id='line_1_5' title="bbox 449 143 1215 183; baseline 0 -1"><span class='ocrx_word' id='word_1_5' title='bbox 449 144 614 183; x_wconf 82' lang='lat' dir='ltr'>PLINY</span> <span class='ocrx_word' id='word_1_6' title='bbox 630 158 638 182; x_wconf 83' lang='lat' dir='ltr'>z</span> <span class='ocrx_word' id='word_1_7' title='bbox 681 144 943 182; x_wconf 86' lang='lat' dir='ltr'>NATURAL</span> <span class='ocrx_word' id='word_1_8' title='bbox 979 143 1215 182; x_wconf 89' lang='lat' dir='ltr'>HISTORY</span> 
     </span>
    </p>
   </div>
   <div class='ocr_carea' id='block_1_5' title="bbox 237 247 1422 1656">
    <p class='ocr_par' dir='ltr' id='par_1_5' title="bbox 237 247 1422 1656">
     <span class='ocr_line' id='line_1_6' title="bbox 239 247 1419 299; baseline -0.002 -12"><span class='ocrx_word' id='word_1_9' title='bbox 239 252 452 287; x_wconf 81' lang='lat' dir='ltr'>succurrit:</span> <span class='ocrx_word' id='word_1_10' title='bbox 487 252 566 286; x_wconf 88' lang='lat' dir='ltr'>iam</span> <span class='ocrx_word' id='word_1_11' title='bbox 588 252 759 299; x_wconf 87' lang='lat' dir='ltr'>primum</span> <span class='ocrx_word' id='word_1_12' title='bbox 780 247 882 286; x_wconf 89' lang='lat' dir='ltr'>hanc</span> <span class='ocrx_word' id='word_1_13' title='bbox 903 251 1085 286; x_wconf 82' lang='lat' dir='ltr'>iniuriam</span> <span class='ocrx_word' id='word_1_14' title='bbox 1105 249 1288 287; x_wconf 90' lang='lat' dir='ltr'>omnibus</span> <span class='ocrx_word' id='word_1_15' title='bbox 1308 252 1419 287; x_wconf 76' lang='lat' dir='ltr'>annis</span> 
     </span>
     <span class='ocr_line' id='line_1_7' title="bbox 239 310 1421 360; baseline 0.001 -13"><span class='ocrx_word' id='word_1_16' title='bbox 239 311 418 348; x_wconf 84' lang='lat' dir='ltr'>accidere</span> <span class='ocrx_word' id='word_1_17' title='bbox 450 324 528 347; x_wconf 90' lang='lat' dir='ltr'>non</span> <span class='ocrx_word' id='word_1_18' title='bbox 562 323 676 360; x_wconf 87' lang='lat' dir='ltr'>posse</span> <span class='ocrx_word' id='word_1_19' title='bbox 708 316 872 360; x_wconf 89' lang='lat' dir='ltr'>propter</span> <span class='ocrx_word' id='word_1_20' title='bbox 901 316 1028 348; x_wconf 86' lang='lat' dir='ltr'>statos</span> <span class='ocrx_word' id='word_1_21' title='bbox 1060 310 1234 348; x_wconf 83' lang='lat' dir='ltr'>siderum</span> <span class='ocrx_word' id='word_1_22' title='bbox 1272 324 1421 354; x_wconf 80' lang='lat' dir='ltr'>cursus,</span> 
     </span>
     <span class='ocr_line' id='line_1_8' title="bbox 240 371 1420 423; baseline 0.001 -15"><span class='ocrx_word' id='word_1_23' title='bbox 240 385 312 409; x_wconf 90' lang='lat' dir='ltr'>nec</span> <span class='ocrx_word' id='word_1_24' title='bbox 351 374 423 409; x_wconf 88' lang='lat' dir='ltr'>nisi</span> <span class='ocrx_word' id='word_1_25' title='bbox 462 375 597 422; x_wconf 84' lang='lat' dir='ltr'>paucis</span> <span class='ocrx_word' id='word_1_26' title='bbox 637 372 818 408; x_wconf 87' lang='lat' dir='ltr'>noctibus</span> <span class='ocrx_word' id='word_1_27' title='bbox 861 374 968 415; x_wconf 77' lang='lat' dir='ltr'>anni,</span> <span class='ocrx_word' id='word_1_28' title='bbox 1005 371 1127 422; x_wconf 90' lang='lat' dir='ltr'>idque</span> <span class='ocrx_word' id='word_1_29' title='bbox 1169 372 1329 423; x_wconf 88' lang='lat' dir='ltr'>quando</span> <span class='ocrx_word' id='word_1_30' title='bbox 1369 374 1420 409; x_wconf 84' lang='lat' dir='ltr'>sit</span> 
     </span>
     <span class='ocr_line' id='line_1_9' title="bbox 239 432 1420 483; baseline 0.002 -13"><span class='ocrx_word' id='word_1_31' title='bbox 239 434 417 471; x_wconf 87' lang='lat' dir='ltr'>futurum</span> <span class='ocrx_word' id='word_1_32' title='bbox 460 432 575 470; x_wconf 88' lang='lat' dir='ltr'>facile</span> <span class='ocrx_word' id='word_1_33' title='bbox 618 435 724 470; x_wconf 91' lang='lat' dir='ltr'>nosci</span> <span class='ocrx_word' id='word_1_34' title='bbox 765 446 825 477; x_wconf 91' lang='lat' dir='ltr'>ac,</span> <span class='ocrx_word' id='word_1_35' title='bbox 866 446 915 470; x_wconf 91' lang='lat' dir='ltr'>ne</span> <span class='ocrx_word' id='word_1_36' title='bbox 962 446 1034 483; x_wconf 89' lang='lat' dir='ltr'>per</span> <span class='ocrx_word' id='word_1_37' title='bbox 1079 446 1217 471; x_wconf 91' lang='lat' dir='ltr'>omnes</span> <span class='ocrx_word' id='word_1_38' title='bbox 1263 447 1420 472; x_wconf 89' lang='lat' dir='ltr'>menses</span> 
     </span>
     <span class='ocr_line' id='line_1_10' title="bbox 237 494 1420 545; baseline 0.001 -13"><span class='ocrx_word' id='word_1_39' title='bbox 237 499 464 539; x_wconf 85' lang='lat' dir='ltr'>timeretur,</span> <span class='ocrx_word' id='word_1_40' title='bbox 490 508 627 532; x_wconf 89' lang='lat' dir='ltr'>eorum</span> <span class='ocrx_word' id='word_1_41' title='bbox 644 495 658 518; x_wconf 84' lang='lat'>1</span> <span class='ocrx_word' id='word_1_42' title='bbox 687 507 846 545; x_wconf 88' lang='lat' dir='ltr'>quoque</span> <span class='ocrx_word' id='word_1_43' title='bbox 872 494 961 545; x_wconf 88' lang='lat' dir='ltr'>lege</span> <span class='ocrx_word' id='word_1_44' title='bbox 987 494 1239 545; x_wconf 79' lang='lat' dir='ltr'>provisum23</span> <span class='ocrx_word' id='word_1_45' title='bbox 1264 502 1420 534; x_wconf 85' lang='lat' dir='ltr'>aestate</span> 
     </span>
     <span class='ocr_line' id='line_1_11' title="bbox 240 555 1421 606; baseline 0 -12"><span class='ocrx_word' id='word_1_46' title='bbox 240 556 452 594; x_wconf 90' lang='lat' dir='ltr'>interlunia</span> <span class='ocrx_word' id='word_1_47' title='bbox 491 563 776 606; x_wconf 79' lang='lat' dir='ltr'>praeterquam</span> <span class='ocrx_word' id='word_1_48' title='bbox 815 556 937 594; x_wconf 90' lang='lat' dir='ltr'>biduo</span> <span class='ocrx_word' id='word_1_49' title='bbox 974 569 1113 593; x_wconf 90' lang='lat' dir='ltr'>secura</span> <span class='ocrx_word' id='word_1_50' title='bbox 1151 569 1252 602; x_wconf 86' lang='lat' dir='ltr'>esse,</span> <span class='ocrx_word' id='word_1_51' title='bbox 1288 555 1421 594; x_wconf 89' lang='lat' dir='ltr'>hieme</span> 
     </span>
     <span class='ocr_line' id='line_1_12' title="bbox 239 617 1421 669; baseline 0.001 -14"><span class='ocrx_word' id='word_1_52' title='bbox 239 618 468 669; x_wconf 85' lang='lat' dir='ltr'>plenilunia,</span> <span class='ocrx_word' id='word_1_53' title='bbox 498 631 570 655; x_wconf 90' lang='lat' dir='ltr'>nec</span> <span class='ocrx_word' id='word_1_54' title='bbox 600 621 672 654; x_wconf 89' lang='lat' dir='ltr'>nisi</span> <span class='ocrx_word' id='word_1_55' title='bbox 701 620 860 654; x_wconf 79' lang='lat' dir='ltr'>aestivis</span> <span class='ocrx_word' id='word_1_56' title='bbox 889 617 1210 669; x_wconf 80' lang='lat' dir='ltr'>brevissimisque</span> <span class='ocrx_word' id='word_1_57' title='bbox 1239 619 1421 656; x_wconf 83' lang='lat' dir='ltr'>noctibus</span> 
     </span>
     <span class='ocr_line' id='line_1_13' title="bbox 238 679 1421 729; baseline 0.001 -12"><span class='ocrx_word' id='word_1_58' title='bbox 238 683 378 723; x_wconf 87' lang='lat' dir='ltr'>metui,</span> <span class='ocrx_word' id='word_1_59' title='bbox 398 680 538 716; x_wconf 77' lang='lat' dir='ltr'>diebus</span> <span class='ocrx_word' id='word_1_60' title='bbox 559 693 637 716; x_wconf 89' lang='lat' dir='ltr'>non</span> <span class='ocrx_word' id='word_1_61' title='bbox 657 680 763 716; x_wconf 91' lang='lat' dir='ltr'>idem</span> <span class='ocrx_word' id='word_1_62' title='bbox 784 679 938 723; x_wconf 81' lang='lat' dir='ltr'>valere;</span> <span class='ocrx_word' id='word_1_63' title='bbox 972 686 1183 729; x_wconf 88' lang='lat' dir='ltr'>praeterea</span> <span class='ocrx_word' id='word_1_64' title='bbox 1201 686 1285 717; x_wconf 80' lang='lat' dir='ltr'>tam</span> <span class='ocrx_word' id='word_1_65' title='bbox 1306 680 1421 718; x_wconf 84' lang='lat' dir='ltr'>facile</span> 
     </span>
     <span class='ocr_line' id='line_1_14' title="bbox 239 741 1422 792; baseline 0.001 -13"><span class='ocrx_word' id='word_1_66' title='bbox 239 741 417 792; x_wconf 83' lang='lat' dir='ltr'>intellegi</span> <span class='ocrx_word' id='word_1_67' title='bbox 466 748 509 778; x_wconf 85' lang='lat' dir='ltr'>ut</span> <span class='ocrx_word' id='word_1_68' title='bbox 557 741 719 778; x_wconf 86' lang='lat' dir='ltr'>formica</span> <span class='ocrx_word' id='word_1_69' title='bbox 766 743 975 778; x_wconf 90' lang='lat' dir='ltr'>minimum</span> <span class='ocrx_word' id='word_1_70' title='bbox 1018 741 1164 779; x_wconf 84' lang='lat' dir='ltr'>animal</span> <span class='ocrx_word' id='word_1_71' title='bbox 1210 742 1422 780; x_wconf 86' lang='lat' dir='ltr'>interlunio</span> 
     </span>
     <span class='ocr_line' id='line_1_15' title="bbox 239 803 1420 854; baseline 0.002 -15"><span class='ocrx_word' id='word_1_72' title='bbox 239 806 431 854; x_wconf 68' lang='lat' dir='ltr'>quiescat,</span> <span class='ocrx_word' id='word_1_73' title='bbox 458 803 672 853; x_wconf 84' lang='lat' dir='ltr'>plenilunio</span> <span class='ocrx_word' id='word_1_74' title='bbox 699 808 887 853; x_wconf 86' lang='lat' dir='ltr'>operetur</span> <span class='ocrx_word' id='word_1_75' title='bbox 915 805 1038 840; x_wconf 85' lang='lat' dir='ltr'>etiam</span> <span class='ocrx_word' id='word_1_76' title='bbox 1068 803 1272 848; x_wconf 90' lang='lat' dir='ltr'>noctibus;</span> <span class='ocrx_word' id='word_1_77' title='bbox 1307 817 1420 842; x_wconf 89' lang='lat' dir='ltr'>avem</span> 
     </span>
     <span class='ocr_line' id='line_1_16' title="bbox 239 864 1421 915; baseline 0.002 -14"><span class='ocrx_word' id='word_1_78' title='bbox 239 879 395 915; x_wconf 88' lang='lat' dir='ltr'>parram</span> <span class='ocrx_word' id='word_1_79' title='bbox 422 868 575 902; x_wconf 85' lang='lat' dir='ltr'>oriente</span> <span class='ocrx_word' id='word_1_80' title='bbox 599 867 689 902; x_wconf 86' lang='lat' dir='ltr'>sirio</span> <span class='ocrx_word' id='word_1_81' title='bbox 714 867 798 914; x_wconf 86' lang='lat' dir='ltr'>ipso</span> <span class='ocrx_word' id='word_1_82' title='bbox 821 864 885 902; x_wconf 88' lang='lat' dir='ltr'>die</span> <span class='ocrx_word' id='word_1_83' title='bbox 910 878 987 901; x_wconf 91' lang='lat' dir='ltr'>non</span> <span class='ocrx_word' id='word_1_84' title='bbox 1013 878 1205 915; x_wconf 86' lang='lat' dir='ltr'>apparere</span> <span class='ocrx_word' id='word_1_85' title='bbox 1230 872 1271 903; x_wconf 88' lang='lat' dir='ltr'>et</span> <span class='ocrx_word' id='word_1_86' title='bbox 1295 865 1421 903; x_wconf 88' lang='lat' dir='ltr'>donec</span> 
     </span>
     <span class='ocr_line' id='line_1_17' title="bbox 239 925 1422 977; baseline 0.001 -13"><span class='ocrx_word' id='word_1_87' title='bbox 239 927 409 971; x_wconf 82' lang='lat' dir='ltr'>occidat,</span> <span class='ocrx_word' id='word_1_88' title='bbox 425 940 446 964; x_wconf 90' lang='lat' dir='ltr'>e</span> <span class='ocrx_word' id='word_1_89' title='bbox 463 927 617 964; x_wconf 81' lang='lat' dir='ltr'>diverso</span> <span class='ocrx_word' id='word_1_90' title='bbox 632 925 874 964; x_wconf 85' lang='lat' dir='ltr'>chlorionem</span> <span class='ocrx_word' id='word_1_91' title='bbox 889 927 1046 976; x_wconf 87' lang='lat' dir='ltr'>prodire</span> <span class='ocrx_word' id='word_1_92' title='bbox 1063 929 1147 977; x_wconf 91' lang='lat' dir='ltr'>ipso</span> <span class='ocrx_word' id='word_1_93' title='bbox 1162 927 1227 965; x_wconf 90' lang='lat' dir='ltr'>die</span> <span class='ocrx_word' id='word_1_94' title='bbox 1242 927 1422 972; x_wconf 82' lang='lat' dir='ltr'>solstitii3</span> 
     </span>
     <span class='ocr_line' id='line_1_18' title="bbox 239 988 1421 1028; baseline 0.002 -3"><span class='ocrx_word' id='word_1_95' title='bbox 239 995 426 1026; x_wconf 85' lang='lat' dir='ltr'>neutrum</span> <span class='ocrx_word' id='word_1_96' title='bbox 449 1002 541 1025; x_wconf 79' lang='lat' dir='ltr'>vero</span> <span class='ocrx_word' id='word_1_97' title='bbox 563 988 680 1025; x_wconf 85' lang='lat' dir='ltr'>lunae</span> <span class='ocrx_word' id='word_1_98' title='bbox 701 994 852 1025; x_wconf 88' lang='lat' dir='ltr'>statum</span> <span class='ocrx_word' id='word_1_99' title='bbox 876 991 1038 1025; x_wconf 79' lang='lat' dir='ltr'>noxium</span> <span class='ocrx_word' id='word_1_100' title='bbox 1060 1002 1146 1026; x_wconf 91' lang='lat' dir='ltr'>esse</span> <span class='ocrx_word' id='word_1_101' title='bbox 1169 1002 1219 1027; x_wconf 89' lang='lat' dir='ltr'>ne</span> <span class='ocrx_word' id='word_1_102' title='bbox 1240 990 1421 1028; x_wconf 85' lang='lat' dir='ltr'>noctibus</span> 
     </span>
     <span class='ocr_line' id='line_1_19' title="bbox 239 1050 1420 1102; baseline 0.001 -15"><span class='ocrx_word' id='word_1_103' title='bbox 239 1050 401 1101; x_wconf 87' lang='lat' dir='ltr'>quidem</span> <span class='ocrx_word' id='word_1_104' title='bbox 421 1053 492 1087; x_wconf 87' lang='lat' dir='ltr'>nisi</span> <span class='ocrx_word' id='word_1_105' title='bbox 510 1053 657 1087; x_wconf 83' lang='lat' dir='ltr'>serenis</span> <span class='ocrx_word' id='word_1_106' title='bbox 675 1056 717 1087; x_wconf 88' lang='lat' dir='ltr'>et</span> <span class='ocrx_word' id='word_1_107' title='bbox 734 1053 842 1086; x_wconf 89' lang='lat' dir='ltr'>omni</span> <span class='ocrx_word' id='word_1_108' title='bbox 859 1063 954 1086; x_wconf 88' lang='lat' dir='ltr'>aura</span> <span class='ocrx_word' id='word_1_109' title='bbox 972 1053 1217 1100; x_wconf 80' lang='lat' dir='ltr'>quiescente.</span> <span class='ocrx_word' id='word_1_110' title='bbox 1234 1054 1420 1102; x_wconf 89' lang='lat' dir='ltr'>quoniam</span> 
     </span>
     <span class='ocr_line' id='line_1_20' title="bbox 241 1111 1422 1164; baseline 0.001 -15"><span class='ocrx_word' id='word_1_111' title='bbox 241 1125 371 1162; x_wconf 84' lang='lat' dir='ltr'>neque</span> <span class='ocrx_word' id='word_1_112' title='bbox 389 1115 428 1149; x_wconf 87' lang='lat' dir='ltr'>in</span> <span class='ocrx_word' id='word_1_113' title='bbox 446 1112 551 1149; x_wconf 90' lang='lat' dir='ltr'>nube</span> <span class='ocrx_word' id='word_1_114' title='bbox 570 1125 700 1162; x_wconf 89' lang='lat' dir='ltr'>neque</span> <span class='ocrx_word' id='word_1_115' title='bbox 717 1114 756 1148; x_wconf 92' lang='lat' dir='ltr'>in</span> <span class='ocrx_word' id='word_1_116' title='bbox 773 1111 872 1148; x_wconf 89' lang='lat' dir='ltr'>flatu</span> <span class='ocrx_word' id='word_1_117' title='bbox 888 1111 1038 1149; x_wconf 90' lang='lat' dir='ltr'>cadunt</span> <span class='ocrx_word' id='word_1_118' title='bbox 1055 1126 1176 1157; x_wconf 84' lang='lat' dir='ltr'>rores,</span> <span class='ocrx_word' id='word_1_119' title='bbox 1191 1115 1246 1150; x_wconf 90' lang='lat' dir='ltr'>sic</span> <span class='ocrx_word' id='word_1_120' title='bbox 1263 1126 1422 1164; x_wconf 86' lang='lat' dir='ltr'>quoquc</span> 
     </span>
     <span class='ocr_line' id='line_1_21' title="bbox 238 1173 1419 1225; baseline 0.001 -14"><span class='ocrx_word' id='word_1_121' title='bbox 238 1188 315 1211; x_wconf 90' lang='lat' dir='ltr'>non</span> <span class='ocrx_word' id='word_1_122' title='bbox 350 1177 434 1211; x_wconf 83' lang='lat' dir='ltr'>sine</span> <span class='ocrx_word' id='word_1_123' title='bbox 469 1173 657 1210; x_wconf 87' lang='lat' dir='ltr'>remedio.</span> <span class='ocrx_word' id='word_1_124' title='bbox 715 1173 838 1211; x_wconf 79' lang='lat' dir='ltr'><strong>LXX.</strong></span> <span class='ocrx_word' id='word_1_125' title='bbox 869 1173 1080 1211; x_wconf 86' lang='lat' dir='ltr'>Sarmenta</span> <span class='ocrx_word' id='word_1_126' title='bbox 1114 1180 1183 1212; x_wconf 91' lang='lat' dir='ltr'>aut</span> <span class='ocrx_word' id='word_1_127' title='bbox 1216 1174 1419 1225; x_wconf 86' lang='lat' dir='ltr'>palearum</span> 
     </span>
     <span class='ocr_line' id='line_1_22' title="bbox 238 1235 1422 1286; baseline 0.002 -14"><span class='ocrx_word' id='word_1_128' title='bbox 238 1249 397 1273; x_wconf 81' lang='lat' dir='ltr'>acervos</span> <span class='ocrx_word' id='word_1_129' title='bbox 438 1242 478 1272; x_wconf 81' lang='lat' dir='ltr'>et</span> <span class='ocrx_word' id='word_1_130' title='bbox 520 1235 672 1272; x_wconf 76' lang='lat' dir='ltr'>evulsas</span> <span class='ocrx_word' id='word_1_131' title='bbox 712 1235 854 1273; x_wconf 88' lang='lat' dir='ltr'>herbas</span> <span class='ocrx_word' id='word_1_132' title='bbox 894 1235 1137 1286; x_wconf 83' lang='lat' dir='ltr'>fruticesque</span> <span class='ocrx_word' id='word_1_133' title='bbox 1176 1250 1248 1286; x_wconf 93' lang='lat' dir='ltr'>per</span> <span class='ocrx_word' id='word_1_134' title='bbox 1286 1238 1422 1275; x_wconf 85' lang='lat' dir='ltr'>vineas</span> 
     </span>
     <span class='ocr_line' id='line_1_23' title="bbox 237 1297 1422 1348; baseline 0.001 -13"><span class='ocrx_word' id='word_1_135' title='bbox 237 1311 596 1348; x_wconf 85' lang='lat' dir='ltr'>camposque‚cum</span> <span class='ocrx_word' id='word_1_136' title='bbox 618 1297 792 1341; x_wconf 80' lang='lat' dir='ltr'>timebis,</span> <span class='ocrx_word' id='word_1_137' title='bbox 807 1297 1023 1342; x_wconf 86' lang='lat' dir='ltr'>incendito,</span> <span class='ocrx_word' id='word_1_138' title='bbox 1043 1297 1175 1336; x_wconf 91' lang='lat' dir='ltr'>fumus</span> <span class='ocrx_word' id='word_1_139' title='bbox 1194 1298 1422 1336; x_wconf 83' lang='lat' dir='ltr'>medebitur</span> 
     </span>
     <span class='ocr_line' id='line_1_24' title="bbox 239 1356 1421 1409; baseline 0.002 -13"><span class='ocrx_word' id='word_1_140' title='bbox 239 1359 297 1396; x_wconf 83' lang='lat' dir='ltr'>his</span> <span class='ocrx_word' id='word_1_141' title='bbox 312 1356 350 1403; x_wconf 81' lang='lat'>³;</span> <span class='ocrx_word' id='word_1_142' title='bbox 369 1373 390 1396; x_wconf 90' lang='lat' dir='ltr'>e</span> <span class='ocrx_word' id='word_1_143' title='bbox 406 1359 530 1409; x_wconf 76' lang='lat' dir='ltr'>paleis</span> <span class='ocrx_word' id='word_1_144' title='bbox 547 1366 587 1396; x_wconf 84' lang='lat' dir='ltr'>et</span> <span class='ocrx_word' id='word_1_145' title='bbox 603 1366 744 1396; x_wconf 87' lang='lat' dir='ltr'>contra</span> <span class='ocrx_word' id='word_1_146' title='bbox 759 1359 923 1396; x_wconf 85' lang='lat' dir='ltr'>nebulas</span> <span class='ocrx_word' id='word_1_147' title='bbox 940 1359 1153 1397; x_wconf 81' lang='lat' dir='ltr'>auxiliatur</span> <span class='ocrx_word' id='word_1_148' title='bbox 1170 1360 1236 1397; x_wconf 89' lang='lat' dir='ltr'>ubi</span> <span class='ocrx_word' id='word_1_149' title='bbox 1251 1361 1421 1398; x_wconf 89' lang='lat' dir='ltr'>nebulae</span> 
     </span>
     <span class='ocr_line' id='line_1_25' title="bbox 239 1421 1421 1471; baseline 0.002 -13"><span class='ocrx_word' id='word_1_150' title='bbox 239 1428 396 1458; x_wconf 89' lang='lat' dir='ltr'>nocent.</span> <span class='ocrx_word' id='word_1_151' title='bbox 452 1421 614 1471; x_wconf 87' lang='lat' dir='ltr'>quidam</span> <span class='ocrx_word' id='word_1_152' title='bbox 634 1427 715 1458; x_wconf 85' lang='lat' dir='ltr'>tres</span> <span class='ocrx_word' id='word_1_153' title='bbox 733 1434 894 1458; x_wconf 84' lang='lat' dir='ltr'>cancros</span> <span class='ocrx_word' id='word_1_154' title='bbox 914 1424 1019 1458; x_wconf 65' lang='lat' dir='ltr'>xivos</span> <span class='ocrx_word' id='word_1_155' title='bbox 1038 1425 1204 1459; x_wconf 87' lang='lat' dir='ltr'>cremari</span> <span class='ocrx_word' id='word_1_156' title='bbox 1223 1422 1361 1460; x_wconf 86' lang='lat' dir='ltr'>iubent</span> <span class='ocrx_word' id='word_1_157' title='bbox 1381 1426 1421 1460; x_wconf 91' lang='lat' dir='ltr'>in</span> 
     </span>
     <span class='ocr_line' id='line_1_26' title="bbox 237 1482 1418 1526; baseline 0.002 -6"><span class='ocrx_word' id='word_1_158' title='bbox 237 1484 406 1520; x_wconf 78' lang='lat' dir='ltr'>arbustis</span> <span class='ocrx_word' id='word_1_159' title='bbox 424 1489 467 1519; x_wconf 90' lang='lat' dir='ltr'>ut</span> <span class='ocrx_word' id='word_1_160' title='bbox 482 1482 744 1519; x_wconf 84' lang='lat' dir='ltr'>carbunculus</span> <span class='ocrx_word' id='word_1_161' title='bbox 758 1496 836 1519; x_wconf 90' lang='lat' dir='ltr'>non</span> <span class='ocrx_word' id='word_1_162' title='bbox 849 1482 866 1506; x_wconf 84' lang='lat'><strong>⁴</strong></span> <span class='ocrx_word' id='word_1_163' title='bbox 887 1489 1043 1526; x_wconf 89' lang='lat' dir='ltr'>noceat,</span> <span class='ocrx_word' id='word_1_164' title='bbox 1056 1483 1119 1520; x_wconf 83' lang='lat' dir='ltr'>alii</span> <span class='ocrx_word' id='word_1_165' title='bbox 1141 1484 1247 1521; x_wconf 89' lang='lat' dir='ltr'>siluri</span> <span class='ocrx_word' id='word_1_166' title='bbox 1260 1497 1418 1522; x_wconf 88' lang='lat' dir='ltr'>carnem</span> 
     </span>
     <span class='ocr_line' id='line_1_27' title="bbox 240 1545 1419 1594; baseline 0.001 -13"><span class='ocrx_word' id='word_1_167' title='bbox 240 1545 382 1582; x_wconf 85' lang='lat' dir='ltr'>leniter</span> <span class='ocrx_word' id='word_1_168' title='bbox 418 1547 477 1581; x_wconf 86' lang='lat' dir='ltr'>uri</span> <span class='ocrx_word' id='word_1_169' title='bbox 513 1558 535 1580; x_wconf 82' lang='lat' dir='ltr'>a</span> <span class='ocrx_word' id='word_1_170' title='bbox 573 1550 706 1587; x_wconf 81' lang='lat' dir='ltr'>vento,</span> <span class='ocrx_word' id='word_1_171' title='bbox 743 1551 786 1581; x_wconf 88' lang='lat' dir='ltr'>ut</span> <span class='ocrx_word' id='word_1_172' title='bbox 823 1558 895 1594; x_wconf 79' lang='lat' dir='ltr'>pcr</span> <span class='ocrx_word' id='word_1_173' title='bbox 929 1551 1057 1582; x_wconf 84' lang='lat' dir='ltr'>totam</span> <span class='ocrx_word' id='word_1_174' title='bbox 1096 1548 1251 1583; x_wconf 78' lang='lat' dir='ltr'>vineam</span> <span class='ocrx_word' id='word_1_175' title='bbox 1287 1545 1419 1584; x_wconf 60' lang='lat' dir='ltr'>fumus·</span> 
     </span>
     <span class='ocr_line' id='line_1_28' title="bbox 238 1605 1420 1656; baseline 0.002 -13"><span class='ocrx_word' id='word_1_176' title='bbox 238 1607 503 1656; x_wconf 73' lang='lat' dir='ltr'>dispergatur.</span> <span class='ocrx_word' id='word_1_177' title='bbox 560 1605 683 1642; x_wconf 77' lang='lat' dir='ltr'>Varro</span> <span class='ocrx_word' id='word_1_178' title='bbox 716 1612 854 1643; x_wconf 82' lang='lat' dir='ltr'>auctor</span> <span class='ocrx_word' id='word_1_179' title='bbox 885 1613 960 1651; x_wconf 90' lang='lat' dir='ltr'>est,</span> <span class='ocrx_word' id='word_1_180' title='bbox 991 1609 1022 1644; x_wconf 89' lang='lat' dir='ltr'>si</span> <span class='ocrx_word' id='word_1_181' title='bbox 1056 1606 1235 1645; x_wconf 81' lang='lat' dir='ltr'>fidiculae</span> <span class='ocrx_word' id='word_1_182' title='bbox 1266 1622 1420 1652; x_wconf 71' lang='lat' dir='ltr'>occasu,</span> 
     </span>
    </p>
   </div>
   <div class='ocr_carea' id='block_1_6' title="bbox 287 1710 1322 1881">
    <p class='ocr_par' dir='ltr' id='par_1_6' title="bbox 287 1710 1322 1881">
     <span class='ocr_line' id='line_1_29' title="bbox 292 1710 1322 1752; baseline 0.003 -10"><span class='ocrx_word' id='word_1_183' title='bbox 292 1713 301 1731; x_wconf 89' lang='lat'>¹</span> <span class='ocrx_word' id='word_1_184' title='bbox 327 1713 469 1742; x_wconf 76' lang='lat' dir='ltr'>corum?</span> <span class='ocrx_word' id='word_1_185' title='bbox 490 1711 664 1751; x_wconf 74' lang='lat' dir='ltr'>Mnyhoss:</span> <span class='ocrx_word' id='word_1_186' title='bbox 692 1710 893 1743; x_wconf 55' lang='lat' dir='ltr'>stellarum?</span> <span class='ocrx_word' id='word_1_187' title='bbox 927 1711 1168 1752; x_wconf 67' lang='lat' dir='ltr'>ll&#39;arminqlfm:</span> <span class='ocrx_word' id='word_1_188' title='bbox 1195 1723 1322 1745; x_wconf 82' lang='lat' dir='ltr'>earum.</span> 
     </span>
     <span class='ocr_line' id='line_1_30' title="bbox 287 1754 903 1837; baseline 0.002 -52"><span class='ocrx_word' id='word_1_189' title='bbox 287 1756 299 1816; x_wconf 57' lang='grc' dir='ltr'><em>ζ</em></span> <span class='ocrx_word' id='word_1_190' title='bbox 323 1755 497 1828; x_wconf 47' lang='grc' dir='ltr'>ἷζοξίεῐιιιίῐιῐῗ</span> <span class='ocrx_word' id='word_1_191' title='bbox 507 1754 718 1837; x_wconf 47' lang='lat' dir='ltr'>Zoffcyfflgss:</span> <span class='ocrx_word' id='word_1_192' title='bbox 745 1754 903 1786; x_wconf 85' lang='lat' dir='ltr'>divisum.</span> 
     </span>
     <span class='ocr_line' id='line_1_31' title="bbox 288 1809 684 1881; baseline -0.005 -9"><span class='ocrx_word' id='word_1_193' title='bbox 288 1842 299 1859; x_wconf 81' lang='lat'>⁴</span> <span class='ocrx_word' id='word_1_194' title='bbox 325 1809 547 1881; x_wconf 50' lang='lat' dir='ltr'>nffjuzyzssff.</span> <span class='ocrx_word' id='word_1_195' title='bbox 588 1821 594 1828; x_wconf 83' lang='grc'><strong>’</strong></span> <span class='ocrx_word' id='word_1_196' title='bbox 677 1822 684 1828; x_wconf 81' lang='grc'><strong>’</strong></span> 
     </span>
    </p>
   </div>
   <div class='ocr_carea' id='block_1_7' title="bbox 238 2011 1047 2122">
    <p class='ocr_par' dir='ltr' id='par_1_7' title="bbox 238 2011 1047 2122">
     <span class='ocr_line' id='line_1_32' title="bbox 587 2011 1047 2053; baseline 0.004 -11"><span class='ocrx_word' id='word_1_197' title='bbox 587 2016 602 2030; x_wconf 75' lang='lat'><strong>⁰</strong></span> <span class='ocrx_word' id='word_1_198' title='bbox 627 2011 797 2052; x_wconf 85' lang='lat' dir='ltr'>Probably</span> <span class='ocrx_word' id='word_1_199' title='bbox 813 2012 872 2044; x_wconf 81' lang='lat' dir='ltr'>the</span> <span class='ocrx_word' id='word_1_200' title='bbox 889 2011 1047 2053; x_wconf 70' lang='lat' dir='ltr'>lupwing.</span> 
     </span>
     <span class='ocr_line' id='line_1_33' title="bbox 238 2086 306 2122; baseline -0.015 0"><span class='ocrx_word' id='word_1_201' title='bbox 238 2086 306 2122; x_wconf 85' lang='lat'>37²</span> 
     </span>
    </p>
   </div>
  </div>
 </body>
</html>
