1486 2359
122 530 182 560 183

124 1020 185 1050 184

123 1578 184 1609 185

413 142 602 181 PLINY:
654 144 801 181 NATU
809 144 917 181 RAL
954 143 1190 181 HISTORY

210 252 388 284 veterem
414 246 548 295 placet
572 246 780 296 palmitem
806 249 845 283 in
871 246 1033 297 longum
1059 253 1102 284 et
1126 247 1178 284 ad
1203 253 1390 297 quartum

210 330 334 366 usque
356 316 643 365 pedamentum
663 319 808 359 emitti,
826 322 870 353 ut
889 330 986 366 quos
1001 317 1014 339 ¹
1035 316 1098 353 alii
1117 317 1308 353 dracones
1326 317 1390 353 alii

212 385 405 423 funiculos
422 392 580 429 vocant,
595 392 638 423 ut
656 385 777 423 faciat
792 385 808 409 ²
823 399 926 435 quae
943 386 1163 423 masculeta
1179 386 1385 436 appellant

210 469 299 492 cum
337 455 513 492 induruit
549 458 653 499 vitis,
688 458 904 505 pessimum
940 458 979 492 in
1016 459 1131 492 vinea
1166 456 1391 493 traducere.

210 528 349 575 quinto
366 539 469 561 anno
485 531 526 561 et
543 528 616 575 ipsi
633 525 818 575 palmites
835 528 1117 575 intorquentur
1131 525 1392 576 singulaeque

211 595 373 645 singulis
411 597 606 632 materiae
645 598 887 632 emittuntur
924 608 969 632 ac
1007 595 1152 632 deinde
1190 597 1393 645 proximis,

211 668 439 715 prioresque
471 670 743 714 amputantur.
798 678 957 714 semper
986 665 1194 702 custodem
1224 664 1391 715 relinqui

212 734 365 771 melium
392 735 461 771 sed
487 737 517 770 is
543 737 744 784 proximus
771 737 841 771 viti
867 747 953 771 esse
979 735 1117 778 debet,
1142 747 1216 772 nec
1240 734 1394 786 longior
1435 735 1445 745 '

212 818 330 854 quam
354 804 504 841 dictum
529 810 603 848 est,
626 810 667 841 et
689 807 720 841 si
743 804 1029 841 luxuriaverint
1050 804 1251 854 palmites,
1272 807 1392 841 intor-

212 877 338 924 queri,
363 881 404 910 ut
430 880 622 924 quattuor
643 877 848 918 materias,
871 873 934 911 vel
956 874 1054 911 duas
1077 877 1109 911 si
1132 876 1295 925 uniiuga
1318 877 1392 912 erit

212 947 341 987 vinea,
363 947 538 982 emittat.

262 1013 301 1050 Si
325 1027 396 1063 per
419 1027 461 1050 se
485 1016 574 1051 vitis
598 1013 847 1051 ordinabitur
869 1016 953 1050 sine
977 1014 1236 1063 pedamento,
1259 1013 1393 1064 quale—

212 1097 382 1133 cumque
414 1086 526 1120 initio
557 1083 840 1121 adminiculum
871 1083 1130 1127 desiderabit,
1160 1083 1256 1121 dum
1285 1089 1392 1121 stare

211 1154 414 1190 condiscat
434 1159 473 1189 et
493 1159 604 1190 recta
620 1167 797 1203 surgere,
814 1159 949 1190 cetera
967 1167 989 1189 a
1006 1153 1220 1203 primordio
1236 1153 1394 1198 eadem,

212 1223 331 1261 dividi
362 1229 497 1260 autem
527 1226 738 1272 putatione
766 1223 927 1273 pollices
956 1226 995 1260 in
1024 1222 1180 1273 aequali
1209 1226 1393 1261 examine

212 1293 402 1343 undique,
421 1307 470 1329 ne
489 1299 729 1343 praegravet
752 1293 903 1330 fructus
926 1298 1042 1343 parte
1065 1292 1210 1344 aliqua.
1264 1293 1394 1331 obiter

212 1363 317 1399 idem
358 1363 584 1412 deprimens
622 1362 850 1412 prohibebit
889 1366 928 1399 in
968 1362 1169 1400 excelsum
1208 1365 1392 1401 emicare.

213 1432 302 1469 huic
334 1435 474 1469 vineae
505 1435 625 1469 trium
657 1433 805 1483 pedum
837 1432 1009 1469 altitudo
1040 1432 1232 1470 excelsior
1261 1439 1394 1477 nutat,

211 1505 354 1539 ceteri<
368 1516 388 1538 a
402 1505 555 1552 quinto,
567 1503 662 1539 dum
675 1515 725 1540 ne
738 1502 909 1540 excedat
922 1501 1090 1540 hominis
1101 1501 1392 1553 longitudinem

210 1575 368 1609 iustam.
424 1575 468 1608 iis
492 1586 649 1622 quoque
673 1586 776 1623 quae
798 1578 1041 1623 sparguntur
1062 1575 1100 1609 in
1123 1578 1231 1609 terra
1253 1572 1393 1610 breves

211 1642 262 1679 ad
297 1642 580 1679 limitandum³
613 1655 755 1679 caveas
790 1642 1052 1686 circumdant,
1085 1642 1287 1679 scrobibus
1321 1655 1394 1693 per

211 1712 407 1749 ambitum
435 1711 566 1756 factis,
595 1725 644 1748 ne
674 1714 762 1763 vagi
792 1711 979 1762 palmites
1007 1714 1113 1749 inter
1140 1725 1182 1749 se
1210 1717 1393 1763 pugnent

211 1787 486 1825 occursantes3
521 1784 725 1832 maiorque
746 1794 836 1831 pars
856 1787 1054 1819 terrarum
1073 1783 1131 1818 ita
1150 1784 1333 1832 supinam
1353 1784 1393 1819 in

252 1883 479 1964 ¹2fackham:
513 1887 551 1914 ut
572 1883 665 1924 quod
680 1887 739 1915 aut
755 1883 848 1924 quod
867 1886 920 1923 (ut
938 1883 1031 1924 quod
1046 1883 1094 1915 cd.
1117 1883 1189 1915 ναι.
1206 1883 1279 1916 Lat.
1295 1883 1392 1922 3861,

204 1936 249 1957 m.
306 1951 313 1957 .

256 1972 266 1987 ²
291 1969 480 2000 Rackham:
506 1969 645 2001 faciant.

253 2013 265 2030 ³
292 2013 380 2043 lan:
405 2012 622 2044 imitandum.

211 2074 277 2108 126
