1486 2359
124 468 188 500 255

127 1515 190 1545 260

416 151 605 190 PLINY:
657 152 919 190 NATURAL
958 151 1192 190 HISTORY

214 258 336 292 rarius
363 255 640 298 tondeantur,¹
669 256 775 293 nulla
802 262 1018 299 autumn0;
1054 270 1100 293 ac
1127 269 1176 293 ne
1204 255 1395 293 radantur

213 325 373 375 quidem
396 328 466 362 nisi
490 338 593 362 vere.
638 328 794 374 putatio
814 339 864 362 ne
880 325 999 376 plaga
1019 325 1119 369 sit²3
1147 324 1283 362 vitalia
1302 332 1394 362 sunt

214 398 345 431 onmia
369 408 644 445 quaecumque
670 409 746 432 non
770 408 1027 445 supervacua.

266 464 408 501 XLVI.
437 464 580 501 Similis
600 464 680 501 fimi
700 465 833 502 ratiost
885 464 1066 515 gaudent
1085 478 1147 508 eo,
1166 464 1237 502 sed
1254 477 1396 502 caven—

214 534 308 570 dum
326 547 374 570 ne
390 537 428 570 in
444 534 597 571 fervore
613 534 702 570 solis
717 534 993 578 admoveatur,
1009 547 1057 571 ne
1072 537 1332 578 inmaturum,
1347 546 1395 571 ne

215 603 378 640 validius
400 617 519 653 quam
540 617 637 653 opus
658 606 721 641 sit.
762 607 838 640 urit
860 606 994 640 vineas
1015 603 1170 641 suillum
1193 606 1263 640 nisi
1285 605 1396 654 quin-

212 676 384 723 quennio
415 676 664 723 interposita
688 680 969 724 praeterquam
997 676 1027 710 si
1055 676 1174 724 riguis
1200 673 1396 717 diluatur;

216 750 257 779 et
289 758 310 778 a
340 745 592 779 coriariorum
625 743 803 780 sordibus
835 746 906 780 nisi
938 743 1119 780 admixta
1150 756 1268 794 aqua,
1298 745 1394 780 item

215 812 360 862 largius
376 827 383 848 :
417 815 564 849 iustum
585 815 817 850 existimant
836 816 875 850 in
894 813 1017 850 denos
1037 812 1160 863 pedes
1179 813 1396 864 quadratos

215 889 296 919 tres
318 882 480 919 modios.
497 934 505 941 ·
536 882 575 919 id
596 883 756 932 quidem
778 883 847 919 soli
870 889 1013 920 natura
1035 883 1238 920 decernet.

267 951 431 988 XLVII.
461 951 697 989 Columbino
711 966 756 989 ac
770 953 883 990 suillo
898 953 1024 1002 plagis
1039 965 1197 1003 quoque
1212 952 1395 989 arborum

215 1022 439 1059 medentur.
494 1025 523 1058 si
562 1021 665 1058 mala
702 1025 843 1071 punica
879 1022 993 1060 acida
1028 1028 1256 1066 nascantur,
1291 1021 1396 1058 abla-

217 1094 373 1142 queatis
390 1091 586 1128 radicibus
604 1091 738 1128 simum
756 1091 911 1128 suillum
929 1091 1021 1129 addi
1039 1092 1201 1136 iubent3
1231 1105 1279 1129 eo
1294 1105 1398 1128 anno

218 1161 432 1204 vinolenta,
454 1164 633 1211 proximo
655 1161 784 1198 dulcia
807 1161 954 1198 sutura.
1009 1162 1072 1198 alii
1097 1164 1209 1198 urina
1230 1160 1397 1199 hominis

217 1244 321 1281 aqua
353 1233 478 1267 mixta
513 1231 677 1281 riganda
711 1238 875 1268 censent
910 1238 1054 1282 quater
1086 1245 1204 1274 anno,
1235 1230 1397 1282 singulis

217 1299 429 1350 amphori&
455 1307 523 1337 aut
547 1303 753 1337 cacumina
779 1304 910 1351 spargi
937 1304 1026 1337 vino
1050 1300 1178 1339 lasere
1203 1301 1343 1345 diluto,
1366 1304 1395 1337 si

218 1370 419 1407 findantur
436 1373 474 1406 in
493 1371 647 1413 arbore,
665 1370 889 1420 pediculum
909 1373 1142 1420 intorqueri,
1160 1370 1240 1408 ficis
1258 1373 1397 1421 utique

217 1453 417 1477 amurcam
452 1440 632 1483 adfundi,
664 1443 807 1477 ceteris
842 1441 1045 1477 arboribus
1079 1443 1208 1491 aegris
1243 1440 1396 1478 faecem

218 1513 309 1549 vini.
335 1515 403 1546 aut
432 1509 609 1559 lupinum
636 1513 781 1546 circum
809 1510 960 1547 radices
987 1523 1124 1547 earum
1150 1513 1239 1547 seri.
1294 1523 1396 1561 aqua

217 1593 375 1630 quoque
415 1580 533 1629 lupini
574 1579 728 1617 decocti
770 1580 1009 1617 circumfusa
1052 1582 1178 1630 pomis
1222 1580 1396 1631 prodest.

219 1650 276 1686 fici
322 1663 410 1685 cum
458 1648 733 1686 Volcanalibus
779 1653 909 1686 tonuit
950 1649 1124 1693 cadunt;
1178 1649 1396 1687 remedium

217 1724 278 1755 est
317 1725 359 1754 ut
400 1725 494 1755 ante
534 1718 678 1768 stipula
720 1718 942 1756 hordeacea
979 1732 1098 1756 areae
1136 1721 1394 1770 stringantur.

333 1810 345 1829 ²
371 1809 527 1850 Jlaylaeoss
538 1822 544 1840 :
570 1810 767 1841 tondentur.

331 1853 343 1871 ²
366 1853 410 1883 sit
427 1853 501 1884 add.
519 1853 681 1893 Detlessen
700 1853 773 1889 (fiat
791 1853 1008 1885 cavendum?
1025 1853 1100 1885 add.
1120 1853 1298 1894 Mayhofs).

330 1894 342 1912 ³
367 1895 542 1927 Gelenius:
567 1896 684 1927 similis
701 1896 859 1927 firmatio.

686 2029 699 2043 ¹
723 2023 857 2064 August
873 2025 925 2056 23.

219 2080 286 2126 178
