1486 2359
109 562 169 592 140

110 1143 166 1173 141

109 1504 170 1536 142

110 1796 169 1826 143

400 162 566 200 PLINY
583 177 591 199 :
644 162 908 200 NATURAL
946 162 1183 200 HISTORY

196 265 297 303 altos
320 265 453 303 facere
478 265 682 315 expediet,
706 265 823 302 aliter
845 268 885 302 in
909 268 1108 303 aestivoso
1131 271 1174 303 et
1196 268 1313 310 sicco,
1335 272 1380 304 ut

197 352 316 389 quam
333 341 506 375 maxime
523 341 721 388 accipiant
742 351 888 389 aquam
903 341 1230 388 contineantque.
1284 337 1382 376 haec

197 417 239 448 et
255 417 412 448 veteres
429 411 589 448 arbores
605 411 761 448 colendi
777 413 880 448 ratio
898 417 958 448 est
973 423 982 454 ;
1013 410 1259 448 ferventibus
1276 413 1381 448 enim

196 483 289 520 locis
306 483 566 520 adcumulant
583 490 741 520 aestate
758 483 912 520 radices
929 486 1209 533 operiuntque,
1226 496 1276 520 ne
1292 482 1382 520 solis

195 556 311 593 ardor
347 562 503 593 exurat.
551 555 671 592 aliubi
689 555 933 606 ablaqueant
950 555 1223 606 perflatusque
1239 555 1381 593 admit-

195 635 303 672 tunt,
323 628 444 665 iidem
470 627 602 666 hieme
628 628 794 666 cumulis
819 642 841 664 a
867 628 961 678 gelu
989 628 1218 672 vindicant;
1245 634 1383 666 contra

196 700 251 738 illi
272 700 403 738 hieme
423 704 608 751 aperiunt
636 714 898 751 umoremque
918 701 1146 738 sitientibus
1168 707 1381 751 quaerunt.

196 774 436 824 ubicumque
473 773 800 811 circumfodiendi
837 773 971 810 ratiol
1008 773 1131 823 pedes
1168 775 1208 810 in
1245 773 1382 810 orbem

196 853 345 890 ternos,
384 860 515 896 neque
556 846 596 883 id
636 849 674 883 in
713 849 852 896 pratis,
891 849 1080 896 quoniam
1119 859 1254 884 amore
1292 846 1384 883 solis

197 922 422 969 umorisque
479 922 518 955 in
570 932 725 956 summa
776 919 920 956 tellure
971 918 1283 956 oberrant.——Et
1333 919 1384 956 de

197 992 400 1028 arboribus
414 992 575 1042 quidem
590 991 740 1028 fructus
752 994 883 1042 gratia
895 991 1072 1029 serendis
1085 991 1384 1042 inserendisque

197 1067 236 1101 in
258 1067 484 1101 universum
506 1067 585 1101 sint
606 1065 714 1101 dicta
737 1063 848 1101 haec.

249 1137 420 1173 XXXII.
451 1136 592 1174 Restat
632 1150 768 1173 earum
807 1139 911 1173 ratio
948 1149 1052 1187 quae
1089 1142 1254 1186 propter
1289 1136 1385 1173 alias

198 1216 384 1247 seruntur
396 1223 442 1246 ac
455 1213 590 1246 vineas
604 1212 792 1252 maxime,
805 1209 958 1247 caeduo
972 1209 1091 1260 ligno.
1116 1211 1383 1259 principatum

198 1285 237 1319 in
268 1281 327 1319 his
359 1285 544 1331 optinent
575 1281 729 1325 salices,
762 1295 860 1332 quas
891 1281 1062 1319 serunt²
1093 1281 1178 1319 loco
1210 1281 1385 1325 madido,

197 1362 335 1391 tamen
380 1354 529 1391 refosso
573 1355 696 1404 pedes
740 1355 838 1391 duos
883 1360 925 1391 et
969 1354 1231 1405 semipedem,
1273 1353 1382 1392 talea

197 1426 464 1477 sesquipedali
499 1427 559 1464 vel
594 1430 762 1477 pertica,
797 1440 900 1478 quae
937 1426 1073 1464 utilior
1107 1440 1186 1477 quo
1219 1426 1383 1478 plenior.

198 1500 407 1537 intervallo
438 1513 523 1536 esse
553 1500 705 1537 debent
735 1500 858 1549 pedes
889 1502 987 1536 seni.
1044 1502 1186 1536 trimae
1217 1499 1385 1549 pedibus

197 1572 298 1609 binis
314 1586 335 1608 a
349 1579 455 1609 terra
471 1575 681 1622 putatione
696 1578 945 1615 coercentur,
958 1578 1003 1609 ut
1017 1585 1059 1609 se
1075 1575 1112 1608 in
1126 1571 1382 1609 latitudinem

197 1645 369 1682 fundant
381 1658 426 1682 ac
439 1648 523 1682 sine
535 1645 648 1682 scalis
660 1645 906 1682 tondeantur
920 1657 928 1688 ;
950 1644 1049 1681 salix
1063 1647 1167 1681 enim
1181 1643 1387 1682 fecundior

199 1731 277 1768 quo
321 1724 454 1754 terrae
498 1720 668 1767 propior.
724 1716 795 1754 has
840 1730 999 1767 quoque
1044 1717 1227 1754 omnibus
1271 1719 1383 1754 annis

195 1789 354 1827 confodi
387 1790 525 1827 iubent
557 1803 694 1827 mense
725 1789 864 1839 Aprili.
920 1788 1018 1827 haec
1050 1795 1111 1827 est
1141 1789 1383 1827 viminalium

197 1863 367 1900 cultura.
422 1862 622 1912 perticalis
648 1869 689 1900 et
716 1865 825 1912 virga
851 1868 893 1899 et
917 1862 1026 1900 talea
1051 1864 1209 1907 seritur,
1233 1861 1383 1899 fossura

273 1984 282 2002 ¹
308 1983 465 2023 Marshoff
478 1995 484 2014 :
510 1983 788 2014 circumfodiendi
806 1982 944 2015 arborea
961 1983 1048 2014 ratio
1066 1983 1099 2014 in
1117 1983 1307 2014 circuitum.

272 2028 283 2045 ²
303 2026 340 2057 J.
359 2025 521 2058 Mueller:
547 2026 664 2057 salices
682 2036 837 2067 quarum.

195 2087 242 2134 98
