1486 2359
129 603 170 635 38

131 1021 174 1052 39

398 146 563 183 PLINY
579 160 587 182 :
640 145 903 183 NATURAL
939 144 1176 182 HISTORY

196 253 368 293 moni-ae,
404 252 561 286 circiter
596 254 649 301 [ἶ]
696 248 775 285 HS.
805 248 1046 285 liberalitate
1089 247 1165 284 divi
1204 247 1375 297 Augusti

195 326 476 370 congestorum
496 319 510 342 ¹
561 332 686 369 usque
736 318 786 355 ad
836 318 1172 355 detrectationem
1221 315 1378 354 heredis

197 388 380 426 exhausit
413 402 528 439 agros
560 391 599 425 in
634 388 778 425 Piceno
809 387 1029 425 coemendo
1060 387 1307 437 colendoque
1338 388 1378 423 in

196 458 394 509 gloriam.2
447 460 750 494 internicionem
772 470 867 507 ergo
889 456 1121 506 famemque
1143 455 1378 493 censemus?

197 531 331 569 immo,
372 527 579 567 Hercules,
619 527 780 564 modum
820 526 992 563 iudicem
1031 539 1163 563 rerum
1203 528 1378 562 omnium

196 597 460 634 utilissimum.
515 597 618 634 bene
653 596 782 633 colere
817 598 1084 633 necessarium
1119 601 1195 639 est,
1228 597 1379 644 optime

197 668 447 709 damnosum,
486 672 771 716 praeterquam
811 665 948 702 subole
1000 665 1099 701 sua⁸
1134 663 1273 702 colono
1311 669 1379 700 aut

197 737 404 786 pascendis
437 736 582 786 alioqui
611 736 780 773 colente.
836 735 997 772 domino
1025 733 1205 785 aliquas⁴
1233 746 1381 771 messes

198 806 383 855 colligere
399 820 477 842 non
493 806 656 855 expedit
673 808 703 842 si
718 810 961 855 conputetur
975 804 1207 854 inpendium
1222 816 1382 853 operae,

200 890 271 913 nec
304 883 457 913 temere
491 876 648 920 olivam,
680 889 753 913 nec
785 875 978 925 quasdam
1010 881 1138 911 terras
1169 873 1383 923 diligenter

199 946 343 989 colere,
359 949 459 983 sieut
476 949 515 982 in
531 946 660 982 Sicilia
676 945 857 988 tradunt,
871 948 1009 995 itaque
1025 944 1154 993 decipi
1170 943 1356 980 advenas.

253 1016 364 1053 VIII.
388 1016 574 1062 Quonam
587 1018 709 1066 igitur
724 1015 843 1052 modo
855 1014 1061 1051 utilissime
1077 1013 1259 1051 colentur
1271 1012 1382 1064 agri?

201 1099 250 1122 ex
265 1086 423 1123 oraculo
435 1086 605 1123 scilicet:
631 1085 763 1122 ‘malis
775 1084 916 1121 bonis.’
951 1084 1022 1121 sed
1033 1083 1196 1121 defendi
1209 1095 1382 1133 aequum

203 1162 263 1192 est
304 1156 450 1192 abavos
491 1158 558 1206 qui
599 1158 825 1205 praeceptis
862 1157 941 1191 suis
978 1166 1220 1203 prospexere
1257 1155 1383 1195 vitae3

204 1239 376 1275 namque
410 1240 499 1262 cum
531 1225 711 1262 dicerent
745 1224 883 1261 ‘malis
901 1223 923 1267 '‚
956 1223 1192 1273 intellegere
1225 1222 1384 1259 voluere

204 1295 420 1334 vilissimos,
446 1308 726 1345 summumque
753 1293 1029 1344 providentiae
1055 1292 1211 1329 illorum
1237 1291 1313 1329 suit
1340 1298 1384 1328 ut

203 1378 323 1414 quam
352 1367 558 1401 minimum
581 1370 687 1401 esset
714 1363 903 1413 inpendii.
958 1362 1259 1412 praecipiebant
1280 1364 1384 1398 enim

204 1437 278 1470 ista
293 1436 360 1484 qui
372 1433 634 1483 triumphales
648 1433 772 1470 denas
786 1435 942 1481 argenti
956 1432 1073 1468 libras
1087 1434 1126 1467 in
1139 1429 1385 1481 supellectile

203 1506 355 1539 crimini
375 1503 542 1547 dabant,
563 1505 629 1553 qui
650 1509 807 1539 mortuo
828 1501 939 1538 vilico
960 1500 1183 1551 relinquere
1204 1502 1386 1537 victorias

205 1579 245 1609 et
274 1575 420 1609 reverti
447 1575 486 1609 in
514 1586 605 1609 rura
631 1586 702 1609 sua
730 1571 1002 1621 postulabant,
1029 1583 1197 1620 quorum
1224 1568 1386 1606 heredia

203 1642 368 1679 colenda
404 1642 645 1691 suscipiebat
682 1655 743 1678 res
780 1654 833 1690 p.‚
869 1642 1149 1690 exercitusque
1184 1639 1384 1676 ducebant

413 1726 421 1744 ¹
448 1727 710 1765 congestorum?
731 1723 887 1764 ,llayhoff
898 1735 905 1754 :
931 1727 1140 1764 congestum.

409 1769 421 1787 ²
446 1770 477 1799 in
495 1768 600 1809 gloria
618 1768 674 1807 (ad
689 1778 776 1808 sequ.
795 1766 945 1806 relamm)
963 1765 1169 1797 Hermolane.

407 1812 420 1830 ⁸
448 1812 551 1842 lsdd.:
577 1821 648 1842 su0.

410 1856 422 1873 ⁴
446 1854 602 1895 amplas?
622 1853 784 1894 Mayhoff.

247 1979 260 1993 ⁶
283 1973 354 2005 The
371 1976 457 2004 term
473 1973 641 2004 heredium
659 1981 728 2002 was
746 1971 827 2003 used
842 1975 880 2002 tvo
896 1970 1021 2002 denote
1036 1981 1056 2001 a
1073 1969 1172 2002 small
1187 1972 1299 2002 estate
1314 1968 1354 2001 of
1368 1970 1388 2001 2

206 2017 330 2057 ιύφνα,
348 2016 455 2047 about
475 2016 515 2055 1}
530 2025 633 2047 acres.

207 2089 275 2121 ²14
