<?xml version="1.0" encoding="UTF-8"?>
<!DOCTYPE html PUBLIC "-//W3C//DTD XHTML 1.0 Transitional//EN"
    "http://www.w3.org/TR/xhtml1/DTD/xhtml1-transitional.dtd">
<html xmlns="http://www.w3.org/1999/xhtml" xml:lang="en" lang="en">
 <head>
  <title>
</title>
<meta http-equiv="Content-Type" content="text/html;charset=utf-8" />
  <meta name='ocr-system' content='tesseract 3.04.00' />
  <meta name='ocr-capabilities' content='ocr_page ocr_carea ocr_par ocr_line ocrx_word'/>
</head>
<body>
  <div class='ocr_page' id='page_1' title='image "./naturalhistory05plinuoft/naturalhistory05plinuoft_0154.png"; bbox 0 0 1486 2359; ppageno 0'>
   <div class='ocr_carea' id='block_1_1' title="bbox 111 284 173 315">
    <p class='ocr_par' dir='ltr' id='par_1_1' title="bbox 111 284 173 315">
     <span class='ocr_line' id='line_1_1' title="bbox 111 284 173 315; baseline 0 -1"><span class='ocrx_word' id='word_1_1' title='bbox 111 284 173 315; x_wconf 85' lang='lat'>203</span> 
     </span>
    </p>
   </div>
   <div class='ocr_carea' id='block_1_2' title="bbox 111 978 173 1009">
    <p class='ocr_par' dir='ltr' id='par_1_2' title="bbox 111 978 173 1009">
     <span class='ocr_line' id='line_1_2' title="bbox 111 978 173 1009; baseline 0.016 -1"><span class='ocrx_word' id='word_1_2' title='bbox 111 978 173 1009; x_wconf 76' lang='lat'>204</span> 
     </span>
    </p>
   </div>
   <div class='ocr_carea' id='block_1_3' title="bbox 110 1535 173 1566">
    <p class='ocr_par' dir='ltr' id='par_1_3' title="bbox 110 1535 173 1566">
     <span class='ocr_line' id='line_1_3' title="bbox 110 1535 173 1566; baseline 0 -1"><span class='ocrx_word' id='word_1_3' title='bbox 110 1535 173 1566; x_wconf 80' lang='lat'>205</span> 
     </span>
    </p>
   </div>
   <div class='ocr_carea' id='block_1_4' title="bbox 402 174 1181 214">
    <p class='ocr_par' dir='ltr' id='par_1_4' title="bbox 402 174 1181 214">
     <span class='ocr_line' id='line_1_4' title="bbox 402 174 1181 214; baseline 0 -2"><span class='ocrx_word' id='word_1_4' title='bbox 402 175 589 212; x_wconf 79' lang='lat' dir='ltr'>PLINY:</span> <span class='ocrx_word' id='word_1_5' title='bbox 643 175 906 213; x_wconf 81' lang='lat' dir='ltr'>NATURAL</span> <span class='ocrx_word' id='word_1_6' title='bbox 943 174 1181 214; x_wconf 86' lang='lat' dir='ltr'>HISTORY</span> 
     </span>
    </p>
   </div>
   <div class='ocr_carea' id='block_1_5' title="bbox 200 277 1387 1993">
    <p class='ocr_par' dir='ltr' id='par_1_5' title="bbox 200 277 1387 954">
     <span class='ocr_line' id='line_1_5' title="bbox 200 277 1385 322; baseline 0.002 -7"><span class='ocrx_word' id='word_1_7' title='bbox 200 281 328 316; x_wconf 82' lang='lat' dir='ltr'>minus</span> <span class='ocrx_word' id='word_1_8' title='bbox 342 282 477 316; x_wconf 73' lang='lat' dir='ltr'>ternis.</span> <span class='ocrx_word' id='word_1_9' title='bbox 511 281 699 314; x_wconf 81' lang='lat' dir='ltr'>maritare</span> <span class='ocrx_word' id='word_1_10' title='bbox 713 280 786 315; x_wconf 85' lang='lat' dir='ltr'>nisi</span> <span class='ocrx_word' id='word_1_11' title='bbox 800 277 948 314; x_wconf 85' lang='lat' dir='ltr'>validas</span> <span class='ocrx_word' id='word_1_12' title='bbox 962 281 1178 322; x_wconf 88' lang='lat' dir='ltr'>inimicum,</span> <span class='ocrx_word' id='word_1_13' title='bbox 1190 285 1385 317; x_wconf 87' lang='lat' dir='ltr'><strong>enecante</strong></span> 
     </span>
     <span class='ocr_line' id='line_1_6' title="bbox 202 348 1385 397; baseline 0.002 -13"><span class='ocrx_word' id='word_1_14' title='bbox 202 348 323 385; x_wconf 84' lang='lat' dir='ltr'>veloci</span> <span class='ocrx_word' id='word_1_15' title='bbox 349 351 488 385; x_wconf 78' lang='lat' dir='ltr'>vitium</span> <span class='ocrx_word' id='word_1_16' title='bbox 514 351 774 384; x_wconf 79' lang='lat' dir='ltr'>incremento,</span> <span class='ocrx_word' id='word_1_17' title='bbox 829 360 962 384; x_wconf 85' lang='lat' dir='ltr'>serere</span> <span class='ocrx_word' id='word_1_18' title='bbox 986 348 1225 397; x_wconf 85' lang='lat' dir='ltr'>tripedaneo</span> <span class='ocrx_word' id='word_1_19' title='bbox 1248 349 1385 386; x_wconf 87' lang='lat' dir='ltr'>scrobe</span> 
     </span>
     <span class='ocr_line' id='line_1_7' title="bbox 202 417 1385 468; baseline 0.001 -14"><span class='ocrx_word' id='word_1_20' title='bbox 202 420 466 455; x_wconf 78' lang='lat' dir='ltr'>necessarium</span> <span class='ocrx_word' id='word_1_21' title='bbox 488 417 685 454; x_wconf 72' lang='lat' dir='ltr'>distantes</span> <span class='ocrx_word' id='word_1_22' title='bbox 706 420 811 454; x_wconf 88' lang='lat' dir='ltr'>inter</span> <span class='ocrx_word' id='word_1_23' title='bbox 831 430 917 454; x_wconf 88' lang='lat' dir='ltr'>sese</span> <span class='ocrx_word' id='word_1_24' title='bbox 938 417 1201 468; x_wconf 86' lang='lat' dir='ltr'>arboremque</span> <span class='ocrx_word' id='word_1_25' title='bbox 1221 418 1385 468; x_wconf 86' lang='lat' dir='ltr'>singulis</span> 
     </span>
     <span class='ocr_line' id='line_1_8' title="bbox 200 486 1386 537; baseline 0 -13"><span class='ocrx_word' id='word_1_26' title='bbox 200 488 390 537; x_wconf 82' lang='lat' dir='ltr'>pedibus3</span> <span class='ocrx_word' id='word_1_27' title='bbox 420 486 514 523; x_wconf 85' lang='lat' dir='ltr'>nihil</span> <span class='ocrx_word' id='word_1_28' title='bbox 537 487 589 524; x_wconf 88' lang='lat' dir='ltr'>ibi</span> <span class='ocrx_word' id='word_1_29' title='bbox 613 486 784 523; x_wconf 86' lang='lat' dir='ltr'>malleoli</span> <span class='ocrx_word' id='word_1_30' title='bbox 805 493 927 536; x_wconf 88' lang='lat' dir='ltr'>atque</span> <span class='ocrx_word' id='word_1_31' title='bbox 949 487 1263 536; x_wconf 84' lang='lat' dir='ltr'>pastinationis,1</span> <span class='ocrx_word' id='word_1_32' title='bbox 1280 487 1386 524; x_wconf 86' lang='lat' dir='ltr'>nulla</span> 
     </span>
     <span class='ocr_line' id='line_1_9' title="bbox 200 556 1385 605; baseline 0.001 -12"><span class='ocrx_word' id='word_1_33' title='bbox 200 556 376 593; x_wconf 85' lang='lat' dir='ltr'>fodiendi</span> <span class='ocrx_word' id='word_1_34' title='bbox 412 556 615 605; x_wconf 88' lang='lat' dir='ltr'>inpendia,</span> <span class='ocrx_word' id='word_1_35' title='bbox 654 562 796 605; x_wconf 83' lang='lat' dir='ltr'>utpote</span> <span class='ocrx_word' id='word_1_36' title='bbox 831 568 922 592; x_wconf 86' lang='lat' dir='ltr'>cum</span> <span class='ocrx_word' id='word_1_37' title='bbox 958 556 1110 593; x_wconf 84' lang='lat' dir='ltr'>arbusti</span> <span class='ocrx_word' id='word_1_38' title='bbox 1146 559 1249 593; x_wconf 88' lang='lat' dir='ltr'>ratio</span> <span class='ocrx_word' id='word_1_39' title='bbox 1285 556 1385 594; x_wconf 90' lang='lat' dir='ltr'>haec</span> 
     </span>
     <span class='ocr_line' id='line_1_10' title="bbox 201 623 1387 675; baseline 0.002 -13"><span class='ocrx_word' id='word_1_40' title='bbox 201 626 388 675; x_wconf 85' lang='lat' dir='ltr'>peculiari</span> <span class='ocrx_word' id='word_1_41' title='bbox 422 626 517 662; x_wconf 84' lang='lat' dir='ltr'>dote</span> <span class='ocrx_word' id='word_1_42' title='bbox 547 631 726 674; x_wconf 82' lang='lat' dir='ltr'>praestet</span> <span class='ocrx_word' id='word_1_43' title='bbox 757 625 863 675; x_wconf 91' lang='lat' dir='ltr'>quod</span> <span class='ocrx_word' id='word_1_44' title='bbox 891 625 942 661; x_wconf 91' lang='lat' dir='ltr'>ab</span> <span class='ocrx_word' id='word_1_45' title='bbox 973 625 1116 662; x_wconf 89' lang='lat' dir='ltr'>eodem</span> <span class='ocrx_word' id='word_1_46' title='bbox 1144 625 1226 663; x_wconf 91' lang='lat' dir='ltr'>solo</span> <span class='ocrx_word' id='word_1_47' title='bbox 1266 623 1387 664; x_wconf 84' lang='lat' dir='ltr'>ferri²</span> 
     </span>
     <span class='ocr_line' id='line_1_11' title="bbox 202 695 1386 745; baseline 0.002 -13"><span class='ocrx_word' id='word_1_48' title='bbox 202 695 336 745; x_wconf 82' lang='lat' dir='ltr'>fruges</span> <span class='ocrx_word' id='word_1_49' title='bbox 356 702 398 732; x_wconf 89' lang='lat' dir='ltr'>et</span> <span class='ocrx_word' id='word_1_50' title='bbox 417 695 562 732; x_wconf 87' lang='lat' dir='ltr'>vitibus</span> <span class='ocrx_word' id='word_1_51' title='bbox 581 695 758 744; x_wconf 79' lang='lat' dir='ltr'>prodest,</span> <span class='ocrx_word' id='word_1_52' title='bbox 776 708 974 745; x_wconf 78' lang='lat' dir='ltr'>superque</span> <span class='ocrx_word' id='word_1_53' title='bbox 993 695 1099 745; x_wconf 89' lang='lat' dir='ltr'>quod</span> <span class='ocrx_word' id='word_1_54' title='bbox 1125 695 1326 733; x_wconf 87' lang='lat' dir='ltr'>vindicans</span> <span class='ocrx_word' id='word_1_55' title='bbox 1343 710 1386 734; x_wconf 89' lang='lat' dir='ltr'>se</span> 
     </span>
     <span class='ocr_line' id='line_1_12' title="bbox 201 764 1384 807; baseline 0.002 -6"><span class='ocrx_word' id='word_1_56' title='bbox 201 765 374 802; x_wconf 87' lang='lat' dir='ltr'>altitudo</span> <span class='ocrx_word' id='word_1_57' title='bbox 408 779 500 807; x_wconf 91' lang='lat' dir='ltr'>non,</span> <span class='ocrx_word' id='word_1_58' title='bbox 534 770 578 801; x_wconf 89' lang='lat' dir='ltr'>ut</span> <span class='ocrx_word' id='word_1_59' title='bbox 613 767 652 801; x_wconf 89' lang='lat' dir='ltr'>in</span> <span class='ocrx_word' id='word_1_60' title='bbox 688 768 816 807; x_wconf 74' lang='lat' dir='ltr'>vinea,</span> <span class='ocrx_word' id='word_1_61' title='bbox 849 765 900 801; x_wconf 89' lang='lat' dir='ltr'>ad</span> <span class='ocrx_word' id='word_1_62' title='bbox 932 764 1124 802; x_wconf 86' lang='lat' dir='ltr'>arcendas</span> <span class='ocrx_word' id='word_1_63' title='bbox 1157 765 1384 803; x_wconf 85' lang='lat' dir='ltr'>animalium</span> 
     </span>
     <span class='ocr_line' id='line_1_13' title="bbox 201 834 1386 885; baseline 0.003 -15"><span class='ocrx_word' id='word_1_64' title='bbox 201 837 361 871; x_wconf 81' lang='lat' dir='ltr'>iniurias</span> <span class='ocrx_word' id='word_1_65' title='bbox 377 837 532 884; x_wconf 85' lang='lat' dir='ltr'>pariete</span> <span class='ocrx_word' id='word_1_66' title='bbox 548 834 608 870; x_wconf 77' lang='lat' dir='ltr'>vel</span> <span class='ocrx_word' id='word_1_67' title='bbox 623 847 744 883; x_wconf 81' lang='lat' dir='ltr'>saepe</span> <span class='ocrx_word' id='word_1_68' title='bbox 761 834 821 870; x_wconf 83' lang='lat' dir='ltr'>vel</span> <span class='ocrx_word' id='word_1_69' title='bbox 836 834 1031 871; x_wconf 87' lang='lat' dir='ltr'>fossarum</span> <span class='ocrx_word' id='word_1_70' title='bbox 1046 837 1184 885; x_wconf 89' lang='lat' dir='ltr'>utique</span> <span class='ocrx_word' id='word_1_71' title='bbox 1199 836 1386 885; x_wconf 89' lang='lat' dir='ltr'>inpendio</span> 
     </span>
     <span class='ocr_line' id='line_1_14' title="bbox 201 907 542 954; baseline 0.003 -14"><span class='ocrx_word' id='word_1_72' title='bbox 201 907 343 940; x_wconf 89' lang='lat' dir='ltr'>muniri</span> <span class='ocrx_word' id='word_1_73' title='bbox 362 918 404 941; x_wconf 88' lang='lat' dir='ltr'>se</span> <span class='ocrx_word' id='word_1_74' title='bbox 423 907 542 954; x_wconf 82' lang='lat' dir='ltr'>cogit.</span> 
     </span>
    </p>

    <p class='ocr_par' dir='ltr' id='par_1_6' title="bbox 200 973 1386 1861">
     <span class='ocr_line' id='line_1_15' title="bbox 253 973 1385 1023; baseline 0.003 -13"><span class='ocrx_word' id='word_1_75' title='bbox 253 973 298 1010; x_wconf 90' lang='lat' dir='ltr'>In</span> <span class='ocrx_word' id='word_1_76' title='bbox 318 974 480 1011; x_wconf 83' lang='lat' dir='ltr'>arbusto</span> <span class='ocrx_word' id='word_1_77' title='bbox 500 987 521 1010; x_wconf 93' lang='lat' dir='ltr'>e</span> <span class='ocrx_word' id='word_1_78' title='bbox 541 974 755 1023; x_wconf 83' lang='lat' dir='ltr'>praedictis</span> <span class='ocrx_word' id='word_1_79' title='bbox 773 973 857 1010; x_wconf 88' lang='lat' dir='ltr'>sola</span> <span class='ocrx_word' id='word_1_80' title='bbox 873 974 1140 1011; x_wconf 84' lang='lat' dir='ltr'>viveradicum</span> <span class='ocrx_word' id='word_1_81' title='bbox 1157 977 1273 1019; x_wconf 83' lang='lat' dir='ltr'>ratio,</span> <span class='ocrx_word' id='word_1_82' title='bbox 1288 977 1385 1013; x_wconf 86' lang='lat' dir='ltr'>item</span> 
     </span>
     <span class='ocr_line' id='line_1_16' title="bbox 201 1042 1384 1094; baseline 0.002 -14"><span class='ocrx_word' id='word_1_83' title='bbox 201 1046 478 1093; x_wconf 82' lang='lat' dir='ltr'>propaginum,</span> <span class='ocrx_word' id='word_1_84' title='bbox 501 1049 542 1080; x_wconf 85' lang='lat' dir='ltr'>et</span> <span class='ocrx_word' id='word_1_85' title='bbox 566 1042 665 1080; x_wconf 83' lang='lat' dir='ltr'>haec</span> <span class='ocrx_word' id='word_1_86' title='bbox 687 1046 862 1093; x_wconf 90' lang='lat' dir='ltr'>gemina,</span> <span class='ocrx_word' id='word_1_87' title='bbox 885 1049 929 1080; x_wconf 85' lang='lat' dir='ltr'>ut</span> <span class='ocrx_word' id='word_1_88' title='bbox 950 1043 1143 1080; x_wconf 82' lang='lat' dir='ltr'>diximus:</span> <span class='ocrx_word' id='word_1_89' title='bbox 1180 1045 1384 1094; x_wconf 89' lang='lat' dir='ltr'>qualorum</span> 
     </span>
     <span class='ocr_line' id='line_1_17' title="bbox 202 1113 1386 1164; baseline 0.002 -15"><span class='ocrx_word' id='word_1_90' title='bbox 202 1126 250 1150; x_wconf 84' lang='lat' dir='ltr'>ex</span> <span class='ocrx_word' id='word_1_91' title='bbox 264 1113 279 1136; x_wconf 87' lang='lat'>³</span> <span class='ocrx_word' id='word_1_92' title='bbox 298 1116 380 1162; x_wconf 78' lang='lat' dir='ltr'>ipso</span> <span class='ocrx_word' id='word_1_93' title='bbox 400 1113 586 1150; x_wconf 80' lang='lat' dir='ltr'>tabulato</span> <span class='ocrx_word' id='word_1_94' title='bbox 607 1116 780 1150; x_wconf 85' lang='lat' dir='ltr'>maxime</span> <span class='ocrx_word' id='word_1_95' title='bbox 798 1113 981 1163; x_wconf 88' lang='lat' dir='ltr'>probata,</span> <span class='ocrx_word' id='word_1_96' title='bbox 999 1117 1186 1163; x_wconf 83' lang='lat' dir='ltr'>quoniam</span> <span class='ocrx_word' id='word_1_97' title='bbox 1204 1128 1226 1150; x_wconf 89' lang='lat' dir='ltr'>a</span> <span class='ocrx_word' id='word_1_98' title='bbox 1244 1128 1386 1164; x_wconf 89' lang='lat' dir='ltr'>pecore</span> 
     </span>
     <span class='ocr_line' id='line_1_18' title="bbox 201 1182 1386 1232; baseline 0.002 -13"><span class='ocrx_word' id='word_1_99' title='bbox 201 1186 401 1219; x_wconf 70' lang='lat' dir='ltr'>tutissima</span> <span class='ocrx_word' id='word_1_100' title='bbox 432 1189 507 1225; x_wconf 70' lang='lat' dir='ltr'>est,</span> <span class='ocrx_word' id='word_1_101' title='bbox 536 1182 665 1219; x_wconf 82' lang='lat' dir='ltr'>altera</span> <span class='ocrx_word' id='word_1_102' title='bbox 693 1182 851 1219; x_wconf 80' lang='lat' dir='ltr'>deflexa</span> <span class='ocrx_word' id='word_1_103' title='bbox 881 1185 962 1220; x_wconf 83' lang='lat' dir='ltr'>vite</span> <span class='ocrx_word' id='word_1_104' title='bbox 990 1182 1052 1220; x_wconf 87' lang='lat' dir='ltr'>vel</span> <span class='ocrx_word' id='word_1_105' title='bbox 1080 1183 1245 1232; x_wconf 87' lang='lat' dir='ltr'>palmite</span> <span class='ocrx_word' id='word_1_106' title='bbox 1273 1187 1386 1221; x_wconf 87' lang='lat' dir='ltr'>iuxta</span> 
     </span>
     <span class='ocr_line' id='line_1_19' title="bbox 200 1252 1385 1304; baseline 0.003 -16"><span class='ocrx_word' id='word_1_107' title='bbox 200 1266 313 1289; x_wconf 87' lang='lat' dir='ltr'>suam</span> <span class='ocrx_word' id='word_1_108' title='bbox 339 1253 521 1289; x_wconf 81' lang='lat' dir='ltr'>arborem</span> <span class='ocrx_word' id='word_1_109' title='bbox 547 1259 618 1288; x_wconf 84' lang='lat' dir='ltr'>aut</span> <span class='ocrx_word' id='word_1_110' title='bbox 642 1255 745 1289; x_wconf 89' lang='lat' dir='ltr'>circa</span> <span class='ocrx_word' id='word_1_111' title='bbox 771 1255 993 1302; x_wconf 87' lang='lat' dir='ltr'>proximam</span> <span class='ocrx_word' id='word_1_112' title='bbox 1017 1252 1225 1290; x_wconf 84' lang='lat' dir='ltr'>caelibem.</span> <span class='ocrx_word' id='word_1_113' title='bbox 1280 1254 1385 1304; x_wconf 90' lang='lat' dir='ltr'>quod</span> 
     </span>
     <span class='ocr_line' id='line_1_20' title="bbox 200 1322 1385 1371; baseline 0.003 -14"><span class='ocrx_word' id='word_1_114' title='bbox 200 1335 319 1371; x_wconf 85' lang='lat' dir='ltr'>supra</span> <span class='ocrx_word' id='word_1_115' title='bbox 336 1327 485 1358; x_wconf 85' lang='lat' dir='ltr'>terram</span> <span class='ocrx_word' id='word_1_116' title='bbox 504 1328 563 1358; x_wconf 74' lang='lat' dir='ltr'>est</span> <span class='ocrx_word' id='word_1_117' title='bbox 587 1335 609 1357; x_wconf 81' lang='lat' dir='ltr'>a</span> <span class='ocrx_word' id='word_1_118' title='bbox 628 1327 755 1358; x_wconf 87' lang='lat' dir='ltr'>matre</span> <span class='ocrx_word' id='word_1_119' title='bbox 774 1322 860 1359; x_wconf 91' lang='lat' dir='ltr'>radi</span> <span class='ocrx_word' id='word_1_120' title='bbox 880 1322 1041 1359; x_wconf 82' lang='lat' dir='ltr'>iubetur</span> <span class='ocrx_word' id='word_1_121' title='bbox 1060 1335 1110 1359; x_wconf 90' lang='lat' dir='ltr'>ne</span> <span class='ocrx_word' id='word_1_122' title='bbox 1130 1322 1316 1367; x_wconf 86' lang='lat' dir='ltr'>fruticet;</span> <span class='ocrx_word' id='word_1_123' title='bbox 1345 1326 1385 1361; x_wconf 90' lang='lat' dir='ltr'>in</span> 
     </span>
     <span class='ocr_line' id='line_1_21' title="bbox 200 1392 1384 1442; baseline 0.003 -15"><span class='ocrx_word' id='word_1_124' title='bbox 200 1398 309 1428; x_wconf 86' lang='lat' dir='ltr'>terra</span> <span class='ocrx_word' id='word_1_125' title='bbox 334 1405 412 1428; x_wconf 90' lang='lat' dir='ltr'>non</span> <span class='ocrx_word' id='word_1_126' title='bbox 436 1394 642 1441; x_wconf 83' lang='lat' dir='ltr'>pauciores</span> <span class='ocrx_word' id='word_1_127' title='bbox 667 1397 859 1441; x_wconf 86' lang='lat' dir='ltr'>quattuor</span> <span class='ocrx_word' id='word_1_128' title='bbox 881 1404 1066 1442; x_wconf 86' lang='lat' dir='ltr'>gemmae</span> <span class='ocrx_word' id='word_1_129' title='bbox 1090 1392 1312 1430; x_wconf 83' lang='lat' dir='ltr'>obruuntur</span> <span class='ocrx_word' id='word_1_130' title='bbox 1334 1393 1384 1431; x_wconf 90' lang='lat' dir='ltr'>ad</span> 
     </span>
     <span class='ocr_line' id='line_1_22' title="bbox 201 1461 1382 1510; baseline 0.003 -13"><span class='ocrx_word' id='word_1_131' title='bbox 201 1462 375 1498; x_wconf 89' lang='lat' dir='ltr'>radicem</span> <span class='ocrx_word' id='word_1_132' title='bbox 391 1461 644 1510; x_wconf 80' lang='lat' dir='ltr'>capiendam,</span> <span class='ocrx_word' id='word_1_133' title='bbox 661 1467 776 1498; x_wconf 80' lang='lat' dir='ltr'>extra</span> <span class='ocrx_word' id='word_1_134' title='bbox 792 1464 831 1498; x_wconf 91' lang='lat' dir='ltr'>in</span> <span class='ocrx_word' id='word_1_135' title='bbox 846 1463 979 1510; x_wconf 83' lang='lat' dir='ltr'>capite</span> <span class='ocrx_word' id='word_1_136' title='bbox 995 1461 1112 1499; x_wconf 88' lang='lat' dir='ltr'>binae</span> <span class='ocrx_word' id='word_1_137' title='bbox 1128 1462 1382 1500; x_wconf 89' lang='lat' dir='ltr'>relincuntur.</span> 
     </span>
     <span class='ocr_line' id='line_1_23' title="bbox 201 1530 1384 1581; baseline 0.003 -15"><span class='ocrx_word' id='word_1_138' title='bbox 201 1533 288 1567; x_wconf 88' lang='lat' dir='ltr'>vitis</span> <span class='ocrx_word' id='word_1_139' title='bbox 311 1533 350 1567; x_wconf 89' lang='lat' dir='ltr'>in</span> <span class='ocrx_word' id='word_1_140' title='bbox 371 1531 534 1567; x_wconf 83' lang='lat' dir='ltr'>arbusto</span> <span class='ocrx_word' id='word_1_141' title='bbox 557 1536 749 1580; x_wconf 79' lang='lat' dir='ltr'>quattuor</span> <span class='ocrx_word' id='word_1_142' title='bbox 774 1531 897 1580; x_wconf 90' lang='lat' dir='ltr'>pedes</span> <span class='ocrx_word' id='word_1_143' title='bbox 919 1530 1037 1581; x_wconf 88' lang='lat' dir='ltr'>longo</span> <span class='ocrx_word' id='word_1_144' title='bbox 1057 1531 1244 1568; x_wconf 81' lang='lat' dir='ltr'>constat⁴</span> <span class='ocrx_word' id='word_1_145' title='bbox 1263 1532 1384 1577; x_wconf 90' lang='lat' dir='ltr'>sulco,</span> 
     </span>
     <span class='ocr_line' id='line_1_24' title="bbox 201 1600 1382 1651; baseline 0.003 -15"><span class='ocrx_word' id='word_1_146' title='bbox 201 1606 281 1636; x_wconf 80' lang='lat' dir='ltr'>tres</span> <span class='ocrx_word' id='word_1_147' title='bbox 320 1600 417 1643; x_wconf 78' lang='lat' dir='ltr'>lato,</span> <span class='ocrx_word' id='word_1_148' title='bbox 454 1600 537 1636; x_wconf 88' lang='lat' dir='ltr'>alto</span> <span class='ocrx_word' id='word_1_149' title='bbox 574 1600 673 1636; x_wconf 77' lang='lat' dir='ltr'>duos</span> <span class='ocrx_word' id='word_1_150' title='bbox 709 1613 799 1636; x_wconf 84' lang='lat' dir='ltr'>cum</span> <span class='ocrx_word' id='word_1_151' title='bbox 837 1600 1054 1650; x_wconf 83' lang='lat' dir='ltr'>semipede.</span> <span class='ocrx_word' id='word_1_152' title='bbox 1109 1607 1198 1651; x_wconf 87' lang='lat' dir='ltr'>post</span> <span class='ocrx_word' id='word_1_153' title='bbox 1235 1614 1382 1639; x_wconf 89' lang='lat' dir='ltr'>annum</span> 
     </span>
     <span class='ocr_line' id='line_1_25' title="bbox 202 1669 1382 1719; baseline 0.003 -14"><span class='ocrx_word' id='word_1_154' title='bbox 202 1683 378 1719; x_wconf 65' lang='lat' dir='ltr'>propago</span> <span class='ocrx_word' id='word_1_155' title='bbox 396 1669 581 1706; x_wconf 85' lang='lat' dir='ltr'>inciditur</span> <span class='ocrx_word' id='word_1_156' title='bbox 598 1669 649 1706; x_wconf 89' lang='lat' dir='ltr'>ad</span> <span class='ocrx_word' id='word_1_157' title='bbox 666 1669 898 1713; x_wconf 84' lang='lat' dir='ltr'>medullam,</span> <span class='ocrx_word' id='word_1_158' title='bbox 916 1676 960 1707; x_wconf 84' lang='lat' dir='ltr'>ut</span> <span class='ocrx_word' id='word_1_159' title='bbox 977 1669 1171 1719; x_wconf 86' lang='lat' dir='ltr'>paulatim</span> <span class='ocrx_word' id='word_1_160' title='bbox 1187 1671 1382 1709; x_wconf 82' lang='lat' dir='ltr'>radicibus</span> 
     </span>
     <span class='ocr_line' id='line_1_26' title="bbox 200 1739 1381 1791; baseline 0.003 -16"><span class='ocrx_word' id='word_1_161' title='bbox 200 1742 278 1776; x_wconf 69' lang='lat' dir='ltr'>suis·</span> <span class='ocrx_word' id='word_1_162' title='bbox 319 1739 544 1781; x_wconf 72' lang='lat' dir='ltr'>adsuescat,</span> <span class='ocrx_word' id='word_1_163' title='bbox 582 1739 705 1776; x_wconf 87' lang='lat' dir='ltr'>caulis</span> <span class='ocrx_word' id='word_1_164' title='bbox 744 1753 767 1775; x_wconf 86' lang='lat' dir='ltr'>a</span> <span class='ocrx_word' id='word_1_165' title='bbox 805 1742 938 1789; x_wconf 75' lang='lat' dir='ltr'>eapite</span> <span class='ocrx_word' id='word_1_166' title='bbox 977 1740 1027 1776; x_wconf 92' lang='lat' dir='ltr'>ad</span> <span class='ocrx_word' id='word_1_167' title='bbox 1066 1740 1164 1777; x_wconf 82' lang='lat' dir='ltr'>duas</span> <span class='ocrx_word' id='word_1_168' title='bbox 1203 1754 1381 1791; x_wconf 86' lang='lat' dir='ltr'>gemmas</span> 
     </span>
     <span class='ocr_line' id='line_1_27' title="bbox 201 1809 1381 1861; baseline 0.003 -17"><span class='ocrx_word' id='word_1_169' title='bbox 201 1809 410 1850; x_wconf 56' lang='lat' dir='ltr'>redditum</span> <span class='ocrx_word' id='word_1_170' title='bbox 439 1811 559 1845; x_wconf 84' lang='lat' dir='ltr'>tertio</span> <span class='ocrx_word' id='word_1_171' title='bbox 574 1815 683 1845; x_wconf 85' lang='lat' dir='ltr'>totus</span> <span class='ocrx_word' id='word_1_172' title='bbox 699 1821 858 1859; x_wconf 83' lang='lat' dir='ltr'>mergus</span> <span class='ocrx_word' id='word_1_173' title='bbox 875 1809 1090 1846; x_wconf 88' lang='lat' dir='ltr'>absciditur</span> <span class='ocrx_word' id='word_1_174' title='bbox 1105 1812 1381 1861; x_wconf 81' lang='lat' dir='ltr'>repetiturque</span> 
     </span>
    </p>

    <p class='ocr_par' dir='ltr' id='par_1_7' title="bbox 467 1909 940 1993">
     <span class='ocr_line' id='line_1_28' title="bbox 471 1909 940 1951; baseline 0 -10"><span class='ocrx_word' id='word_1_175' title='bbox 471 1910 482 1929; x_wconf 83' lang='lat'><em>²</em></span> <span class='ocrx_word' id='word_1_176' title='bbox 508 1909 681 1950; x_wconf 75' lang='lat' dir='ltr'>Mayhofft</span> <span class='ocrx_word' id='word_1_177' title='bbox 707 1911 940 1951; x_wconf 77' lang='lat' dir='ltr'>pastinationi.</span> 
     </span>
     <span class='ocr_line' id='line_1_29' title="bbox 467 1953 776 1993; baseline 0 -9"><span class='ocrx_word' id='word_1_178' title='bbox 467 1954 480 1972; x_wconf 79' lang='lat'><strong>³</strong></span> <span class='ocrx_word' id='word_1_179' title='bbox 504 1953 677 1993; x_wconf 53' lang='lat' dir='ltr'>illayhoff:</span> <span class='ocrx_word' id='word_1_180' title='bbox 703 1954 776 1984; x_wconf 80' lang='lat' dir='ltr'>seri.</span> 
     </span>
    </p>
   </div>
   <div class='ocr_carea' id='block_1_6' title="bbox 466 1996 1142 2080">
    <p class='ocr_par' dir='ltr' id='par_1_8' title="bbox 466 1996 1142 2080">
     <span class='ocr_line' id='line_1_30' title="bbox 467 1996 748 2036; baseline 0 -9"><span class='ocrx_word' id='word_1_181' title='bbox 467 1996 480 2015; x_wconf 79' lang='lat'>⁸</span> <span class='ocrx_word' id='word_1_182' title='bbox 504 1996 661 2036; x_wconf 70' lang='lat' dir='ltr'>Illaylwff</span> <span class='ocrx_word' id='word_1_183' title='bbox 671 2008 678 2026; x_wconf 92' lang='lat'><strong>:</strong></span> <span class='ocrx_word' id='word_1_184' title='bbox 703 2000 748 2027; x_wconf 78' lang='lat' dir='ltr'>et.</span> 
     </span>
     <span class='ocr_line' id='line_1_31' title="bbox 466 2039 1142 2080; baseline 0.004 -11"><span class='ocrx_word' id='word_1_185' title='bbox 466 2039 480 2057; x_wconf 78' lang='lat'><em>⁴</em></span> <span class='ocrx_word' id='word_1_186' title='bbox 503 2039 660 2080; x_wconf 74' lang='lat' dir='ltr'>Maylzoff</span> <span class='ocrx_word' id='word_1_187' title='bbox 672 2051 678 2069; x_wconf 93' lang='lat'><strong>:</strong></span> <span class='ocrx_word' id='word_1_188' title='bbox 704 2040 738 2070; x_wconf 90' lang='lat' dir='ltr'>in</span> <span class='ocrx_word' id='word_1_189' title='bbox 755 2039 855 2080; x_wconf 85' lang='lat' dir='ltr'>longo</span> <span class='ocrx_word' id='word_1_190' title='bbox 872 2044 1007 2071; x_wconf 80' lang='lat' dir='ltr'>constat</span> <span class='ocrx_word' id='word_1_191' title='bbox 1024 2041 1142 2072; x_wconf 75' lang='lat' dir='ltr'>omnis.</span> 
     </span>
    </p>
   </div>
   <div class='ocr_carea' id='block_1_7' title="bbox 203 2106 270 2138">
    <p class='ocr_par' dir='ltr' id='par_1_9' title="bbox 203 2106 270 2138">
     <span class='ocr_line' id='line_1_32' title="bbox 203 2106 270 2138; baseline 0 -8"><span class='ocrx_word' id='word_1_192' title='bbox 203 2106 270 2138; x_wconf 80' lang='lat'>140</span> 
     </span>
    </p>
   </div>
  </div>
 </body>
</html>
