1486 2359
173 373 213 403 37

175 845 216 874 3⁸

174 1140 192 1170 3
197 1141 215 1170 9

438 146 632 184 PLINY:
684 145 948 183 NATURAL
984 145 1221 183 HISTORY

239 255 281 287 et
313 251 422 299 operi
456 254 497 285 et
529 251 636 285 satis.
691 247 929 298 intellegere
963 247 1083 284 modo
1115 247 1239 284 libeat
1270 247 1419 284 dictam

239 311 334 345 mira
355 307 643 357 significatione
661 312 859 350 teneram,
878 312 918 343 et
937 305 1130 357 quidquid
1147 308 1276 355 optari
1293 305 1418 343 debet

240 370 278 404 in
296 381 343 403 eo
361 366 551 403 vocabulo
567 368 803 403 invenietur.
857 365 923 402 illa
939 370 1194 416 temperatae
1212 365 1420 410 ubertatis,

239 425 304 463 illa
322 425 449 462 mollis
468 425 672 475 facilisque
692 424 886 469 culturae,
905 437 980 462 nec
997 423 1160 461 madida
1177 437 1252 461 nec
1270 426 1420 469 sitiens,

239 485 303 522 illa
322 491 411 534 post
432 498 633 521 vomerem
653 486 868 528 nitescens,
887 483 1048 533 qualem
1066 482 1154 520 fons
1171 485 1420 534 ingeniorum

242 544 437 580 Homerus
460 546 499 579 in
523 546 639 580 armis
662 556 685 579 a
707 542 785 579 deo
802 542 815 566 ¹
838 542 1039 580 caelatam
1062 541 1163 579 dixit
1186 541 1420 592 addiditque

241 602 471 639 miraculum
514 604 789 652 nigrescentis,
832 604 1010 651 quamvis
1053 600 1169 638 fieret
1211 614 1260 638 ex
1303 613 1421 645 auro;

240 662 303 698 illa
327 675 446 712 quam
471 667 676 698 recentem
701 663 917 710 exquirunt
938 660 1130 710 inprobae
1154 659 1269 698 alites
1289 673 1421 698 vome-

240 735 322 758 rem
373 723 612 757 comitantes
664 722 849 770 corvique
900 722 1065 757 aratoris
1116 721 1286 770 vestigia
1335 721 1421 769 ipsa

241 780 441 817 rodentes.

292 838 501 875 Reddatur
531 837 605 875 hoc
635 840 675 874 in
706 837 791 874 loco
822 837 1001 875 luxuriae
1032 850 1190 887 quoque
1220 839 1422 874 sententia

240 898 371 947 aliqua
425 903 465 934 et
482 898 497 921 ²
548 899 589 934 in
641 899 889 946 propositum
941 902 1065 934 certe.
1132 895 1302 941 Cicero,³
1354 896 1421 934 lux

240 957 511 993 doctrinarum
554 956 696 999 altera,
737 954 964 1000 ‘Meliora‚’
1005 957 1147 1005 inquit,
1188 955 1422 1006 ‘unguenta

240 1022 331 1053 sunt
356 1030 459 1066 quac
484 1022 633 1053 terram
657 1028 777 1065 quarn
801 1027 905 1065 quae
929 1027 1086 1052 crocum
1110 1016 1270 1064 sapiunt
1289 1013 1422 1052 ’—-hoc

241 1078 345 1112 enim
376 1075 514 1112 maluit
542 1074 688 1111 dixisse
718 1087 838 1123 quam
868 1072 1108 1111 ‘redolent.'
1161 1075 1218 1110 ita
1246 1079 1308 1111 est
1334 1086 1423 1124 pro-

242 1134 363 1177 fecto,
388 1134 453 1170 illa
479 1136 555 1170 erit
580 1135 732 1183 optima
758 1146 862 1183 quae
889 1138 1097 1184 unguenta
1121 1135 1262 1183 sapiet.
1316 1132 1422 1183 quod

240 1196 271 1230 si
301 1193 541 1230 admonendi
573 1206 707 1230 sumus
736 1192 863 1242 qualis
892 1195 943 1229 sit
972 1198 1106 1230 terrae
1136 1191 1234 1229 odor
1261 1191 1326 1230 ille
1355 1194 1421 1242 qui

241 1255 460 1302 quaeritur,
487 1254 684 1301 contingit
711 1264 834 1301 saepe
863 1254 986 1288 etiam
1013 1253 1247 1301 quiescente
1275 1263 1324 1288 ea
1349 1251 1423 1288 sub

240 1325 422 1349 occasum
451 1311 556 1354 solis,
585 1313 623 1347 in
653 1324 732 1360 quo
759 1310 847 1347 loco
875 1324 987 1347 arcus
1015 1309 1211 1347 caelestes
1239 1310 1422 1348 deiecere

240 1373 372 1420 capita
406 1384 490 1415 sua,
524 1376 565 1407 et
597 1383 688 1406 cum
721 1383 744 1406 a
776 1372 959 1407 siccitate
992 1371 1182 1406 continua
1214 1369 1423 1406 immaduit

240 1430 379 1467 imbre.
435 1435 530 1466 tunc
564 1431 716 1466 emittit
749 1428 858 1466 illum
894 1442 1008 1466 suum
1043 1427 1212 1465 halitum
1247 1428 1422 1466 divinum

241 1502 289 1525 ex
331 1489 413 1525 sole
454 1494 710 1538 conceptum,
750 1490 811 1524 cui
853 1490 1059 1537 conparari
1102 1490 1275 1525 suavitas
1316 1487 1423 1524 nulla

240 1550 375 1597 possit.
431 1550 461 1584 is
483 1547 546 1584 edi
560 1547 576 1571 ⁴
595 1552 796 1585 commota
817 1547 996 1591 debebit,
1017 1552 1278 1597 repertusque
1299 1548 1421 1583 nemi-

241 1620 332 1644 nem
377 1606 512 1650 fallct3
555 1619 600 1643 ac
643 1606 695 1643 de
737 1611 846 1643 terra
888 1606 986 1642 odor
1027 1608 1177 1656 optime
1220 1605 1420 1643 iudicabit.

292 1698 300 1716 ¹
327 1697 546 1729 Hermolaus:
573 1697 617 1729 ab
633 1707 683 1729 eo.

261 1741 297 1794 .·²
314 1741 568 1789 ‘ll'arminqtonz
616 1744 651 1772 et
680 1740 832 1780 alioqui?
879 1740 1049 1780 Mayhoss:
1097 1739 1257 1780 etaliqua
1288 1739 1422 1779 (Italica

243 1783 542 1868 Slgllgisopositum.
592 1827 689 1857 Certe
714 1826 828 1858 Cicero
852 1826 897 1858 vel
921 1826 1136 1868 propositum
1158 1830 1248 1857 certe
1269 1826 1419 1857 citanda.

241 1870 356 1901 Cicero
372 1870 456 1901 coni.
509 1870 742 1909 Warmiuqeon.

278 1914 291 1932 ⁴
321 1913 563 1953 Warminylnn:
587 1923 668 1944 esse.

623 2029 638 2045 ⁰
661 2025 752 2057 Iliad
769 2024 901 2057 xv111.
919 2025 980 2057 541
994 2024 1029 2057 ff.

626 2067 639 2087 ⁶
662 2068 709 2101 De
726 2069 859 2100 Oratore
874 2067 940 2100 ΙΙΙ.
957 2069 1010 2099 99.

241 2116 284 2151 26
