<?xml version="1.0" encoding="UTF-8"?>
<!DOCTYPE html PUBLIC "-//W3C//DTD XHTML 1.0 Transitional//EN"
    "http://www.w3.org/TR/xhtml1/DTD/xhtml1-transitional.dtd">
<html xmlns="http://www.w3.org/1999/xhtml" xml:lang="en" lang="en">
 <head>
  <title>
</title>
<meta http-equiv="Content-Type" content="text/html;charset=utf-8" />
  <meta name='ocr-system' content='tesseract 3.04.00' />
  <meta name='ocr-capabilities' content='ocr_page ocr_carea ocr_par ocr_line ocrx_word'/>
</head>
<body>
  <div class='ocr_page' id='page_1' title='image "./naturalhistory05plinuoft/naturalhistory05plinuoft_0400.png"; bbox 0 0 1486 2359; ppageno 0'>
   <div class='ocr_carea' id='block_1_1' title="bbox 167 544 228 574">
    <p class='ocr_par' dir='ltr' id='par_1_1' title="bbox 167 544 228 574">
     <span class='ocr_line' id='line_1_1' title="bbox 167 544 228 574; baseline -0.033 0"><span class='ocrx_word' id='word_1_1' title='bbox 167 544 228 574; x_wconf 74' lang='lat'>315</span> 
     </span>
    </p>
   </div>
   <div class='ocr_carea' id='block_1_2' title="bbox 167 919 230 949">
    <p class='ocr_par' dir='ltr' id='par_1_2' title="bbox 167 919 230 949">
     <span class='ocr_line' id='line_1_2' title="bbox 167 919 230 949; baseline -0.032 -2"><span class='ocrx_word' id='word_1_2' title='bbox 167 919 230 949; x_wconf 66' lang='lat'>31⁴3</span> 
     </span>
    </p>
   </div>
   <div class='ocr_carea' id='block_1_3' title="bbox 168 1133 229 1164">
    <p class='ocr_par' dir='ltr' id='par_1_3' title="bbox 168 1133 229 1164">
     <span class='ocr_line' id='line_1_3' title="bbox 168 1133 229 1164; baseline -0.033 0"><span class='ocrx_word' id='word_1_3' title='bbox 168 1133 229 1164; x_wconf 79' lang='lat'>317</span> 
     </span>
    </p>
   </div>
   <div class='ocr_carea' id='block_1_4' title="bbox 463 164 1231 203">
    <p class='ocr_par' dir='ltr' id='par_1_4' title="bbox 463 164 1231 203">
     <span class='ocr_line' id='line_1_4' title="bbox 463 164 1231 203; baseline -0.001 -1"><span class='ocrx_word' id='word_1_4' title='bbox 463 165 652 203; x_wconf 87' lang='lat' dir='ltr'>PLINY:</span> <span class='ocrx_word' id='word_1_5' title='bbox 696 165 958 202; x_wconf 84' lang='lat' dir='ltr'>NATURAL</span> <span class='ocrx_word' id='word_1_6' title='bbox 995 164 1231 202; x_wconf 87' lang='lat' dir='ltr'>HISTORY</span> 
     </span>
    </p>
   </div>
   <div class='ocr_carea' id='block_1_5' title="bbox 255 261 1441 1445">
    <p class='ocr_par' dir='ltr' id='par_1_5' title="bbox 255 261 1436 534">
     <span class='ocr_line' id='line_1_5' title="bbox 256 261 1435 318; baseline -0.003 -11"><span class='ocrx_word' id='word_1_7' title='bbox 256 270 328 307; x_wconf 91' lang='lat' dir='ltr'>hoc</span> <span class='ocrx_word' id='word_1_8' title='bbox 345 269 488 306; x_wconf 86' lang='lat' dir='ltr'>silente</span> <span class='ocrx_word' id='word_1_9' title='bbox 504 269 597 306; x_wconf 86' lang='lat' dir='ltr'>luna</span> <span class='ocrx_word' id='word_1_10' title='bbox 613 271 688 305; x_wconf 89' lang='lat' dir='ltr'>seri</span> <span class='ocrx_word' id='word_1_11' title='bbox 707 269 858 305; x_wconf 89' lang='lat' dir='ltr'>iubent.</span> <span class='ocrx_word' id='word_1_12' title='bbox 914 274 955 305; x_wconf 88' lang='lat' dir='ltr'>et</span> <span class='ocrx_word' id='word_1_13' title='bbox 973 267 1120 305; x_wconf 85' lang='lat' dir='ltr'>frondis</span> <span class='ocrx_word' id='word_1_14' title='bbox 1131 261 1435 318; x_wconf 62' lang='lat' dir='ltr'>&#39;praeparandae</span> 
     </span>
     <span class='ocr_line' id='line_1_6' title="bbox 255 321 1436 373; baseline -0.002 -13"><span class='ocrx_word' id='word_1_15' title='bbox 255 331 416 373; x_wconf 87' lang='lat' dir='ltr'>tempus</span> <span class='ocrx_word' id='word_1_16' title='bbox 439 322 512 360; x_wconf 88' lang='lat' dir='ltr'>hoc</span> <span class='ocrx_word' id='word_1_17' title='bbox 536 329 619 365; x_wconf 85' lang='lat' dir='ltr'>est;</span> <span class='ocrx_word' id='word_1_18' title='bbox 656 336 756 359; x_wconf 84' lang='lat' dir='ltr'>unus</span> <span class='ocrx_word' id='word_1_19' title='bbox 779 322 985 358; x_wconf 86' lang='lat' dir='ltr'>frondator</span> <span class='ocrx_word' id='word_1_20' title='bbox 1007 327 1198 372; x_wconf 87' lang='lat' dir='ltr'>quattuor</span> <span class='ocrx_word' id='word_1_21' title='bbox 1219 321 1436 358; x_wconf 82' lang='lat' dir='ltr'>frondarias</span> 
     </span>
     <span class='ocr_line' id='line_1_7' title="bbox 255 375 1436 426; baseline -0.002 -12"><span class='ocrx_word' id='word_1_22' title='bbox 255 378 409 414; x_wconf 84' lang='lat' dir='ltr'>fiscinas</span> <span class='ocrx_word' id='word_1_23' title='bbox 428 377 626 426; x_wconf 87' lang='lat' dir='ltr'>complere</span> <span class='ocrx_word' id='word_1_24' title='bbox 647 379 686 412; x_wconf 91' lang='lat' dir='ltr'>in</span> <span class='ocrx_word' id='word_1_25' title='bbox 704 376 768 412; x_wconf 85' lang='lat' dir='ltr'>die</span> <span class='ocrx_word' id='word_1_26' title='bbox 788 378 936 412; x_wconf 71' lang='lat' dir='ltr'>iustum</span> <span class='ocrx_word' id='word_1_27' title='bbox 956 375 1092 412; x_wconf 78' lang='lat' dir='ltr'>habet.</span> <span class='ocrx_word' id='word_1_28' title='bbox 1129 377 1160 411; x_wconf 93' lang='lat' dir='ltr'>si</span> <span class='ocrx_word' id='word_1_29' title='bbox 1179 375 1436 412; x_wconf 82' lang='lat' dir='ltr'>decrescente</span> 
     </span>
     <span class='ocr_line' id='line_1_8' title="bbox 255 428 1436 480; baseline -0.002 -13"><span class='ocrx_word' id='word_1_30' title='bbox 255 431 348 467; x_wconf 85' lang='lat' dir='ltr'>luna</span> <span class='ocrx_word' id='word_1_31' title='bbox 373 436 647 480; x_wconf 77' lang='lat' dir='ltr'>praeparetur,</span> <span class='ocrx_word' id='word_1_32' title='bbox 673 443 751 466; x_wconf 90' lang='lat' dir='ltr'>non</span> <span class='ocrx_word' id='word_1_33' title='bbox 775 432 990 479; x_wconf 84' lang='lat' dir='ltr'>putrescit;</span> <span class='ocrx_word' id='word_1_34' title='bbox 1029 428 1180 465; x_wconf 84' lang='lat' dir='ltr'>aridam</span> <span class='ocrx_word' id='word_1_35' title='bbox 1205 428 1335 479; x_wconf 88' lang='lat' dir='ltr'>colligi</span> <span class='ocrx_word' id='word_1_36' title='bbox 1359 442 1436 465; x_wconf 90' lang='lat' dir='ltr'>non</span> 
     </span>
     <span class='ocr_line' id='line_1_9' title="bbox 255 490 427 534; baseline -0.006 -13"><span class='ocrx_word' id='word_1_37' title='bbox 255 490 427 534; x_wconf 79' lang='lat' dir='ltr'>oportet.</span> 
     </span>
    </p>

    <p class='ocr_par' dir='ltr' id='par_1_6' title="bbox 255 537 1441 1445">
     <span class='ocr_line' id='line_1_10' title="bbox 309 537 1437 586; baseline -0.003 -12"><span class='ocrx_word' id='word_1_38' title='bbox 309 537 560 574; x_wconf 67' lang='lat' dir='ltr'>Vindemiam</span> <span class='ocrx_word' id='word_1_39' title='bbox 585 539 738 586; x_wconf 80' lang='lat' dir='ltr'>antiqui</span> <span class='ocrx_word' id='word_1_40' title='bbox 763 549 979 586; x_wconf 84' lang='lat' dir='ltr'>numquam</span> <span class='ocrx_word' id='word_1_41' title='bbox 1005 537 1283 572; x_wconf 76' lang='lat' dir='ltr'>existimavere</span> <span class='ocrx_word' id='word_1_42' title='bbox 1309 540 1437 572; x_wconf 83' lang='lat' dir='ltr'>matu-</span> 
     </span>
     <span class='ocr_line' id='line_1_11' title="bbox 255 591 1438 640; baseline -0.002 -13"><span class='ocrx_word' id='word_1_43' title='bbox 255 605 339 627; x_wconf 87' lang='lat' dir='ltr'>ram</span> <span class='ocrx_word' id='word_1_44' title='bbox 385 597 478 627; x_wconf 86' lang='lat' dir='ltr'>ante</span> <span class='ocrx_word' id='word_1_45' title='bbox 523 592 834 640; x_wconf 80' lang='lat' dir='ltr'>aequinoctium,</span> <span class='ocrx_word' id='word_1_46' title='bbox 868 592 945 625; x_wconf 88' lang='lat' dir='ltr'>iam</span> <span class='ocrx_word' id='word_1_47' title='bbox 992 591 1137 638; x_wconf 78' lang='lat' dir='ltr'>passim</span> <span class='ocrx_word' id='word_1_48' title='bbox 1182 591 1264 638; x_wconf 84' lang='lat' dir='ltr'>rapi</span> <span class='ocrx_word' id='word_1_49' title='bbox 1297 600 1438 632; x_wconf 81' lang='lat' dir='ltr'>cerno3</span> 
     </span>
     <span class='ocr_line' id='line_1_12' title="bbox 257 643 1438 694; baseline -0.002 -13"><span class='ocrx_word' id='word_1_50' title='bbox 257 645 517 694; x_wconf 84' lang='lat' dir='ltr'>quamobrem</span> <span class='ocrx_word' id='word_1_51' title='bbox 549 650 591 681; x_wconf 85' lang='lat' dir='ltr'>et</span> <span class='ocrx_word' id='word_1_52' title='bbox 621 643 735 680; x_wconf 88' lang='lat' dir='ltr'>huius</span> <span class='ocrx_word' id='word_1_53' title='bbox 765 649 947 692; x_wconf 76' lang='lat' dir='ltr'>tempora</span> <span class='ocrx_word' id='word_1_54' title='bbox 979 645 1082 679; x_wconf 87' lang='lat' dir='ltr'>notis</span> <span class='ocrx_word' id='word_1_55' title='bbox 1112 645 1438 692; x_wconf 82' lang='lat' dir='ltr'>argumentisque</span> 
     </span>
     <span class='ocr_line' id='line_1_13' title="bbox 257 693 1438 747; baseline -0.003 -12"><span class='ocrx_word' id='word_1_56' title='bbox 257 702 476 747; x_wconf 77' lang='lat' dir='ltr'>signentur.</span> <span class='ocrx_word' id='word_1_57' title='bbox 533 698 641 747; x_wconf 83' lang='lat' dir='ltr'>leges</span> <span class='ocrx_word' id='word_1_58' title='bbox 666 700 722 733; x_wconf 88' lang='lat' dir='ltr'>ita</span> <span class='ocrx_word' id='word_1_59' title='bbox 747 710 788 733; x_wconf 81' lang='lat' dir='ltr'>se</span> <span class='ocrx_word' id='word_1_60' title='bbox 814 696 985 733; x_wconf 90' lang='lat' dir='ltr'>habent:</span> <span class='ocrx_word' id='word_1_61' title='bbox 1025 696 1033 708; x_wconf 78' lang='lat'>⁴</span> <span class='ocrx_word' id='word_1_62' title='bbox 1055 696 1185 733; x_wconf 89' lang='lat' dir='ltr'>Uvam</span> <span class='ocrx_word' id='word_1_63' title='bbox 1208 693 1363 733; x_wconf 83' lang='lat' dir='ltr'>caldam</span> <span class='ocrx_word' id='word_1_64' title='bbox 1388 708 1438 732; x_wconf 89' lang='lat' dir='ltr'>ne</span> 
     </span>
     <span class='ocr_line' id='line_1_14' title="bbox 256 749 1440 801; baseline -0.002 -13"><span class='ocrx_word' id='word_1_65' title='bbox 256 751 406 801; x_wconf 48' lang='lat' dir='ltr'>legito(</span> <span class='ocrx_word' id='word_1_66' title='bbox 444 751 516 788; x_wconf 88' lang='lat' dir='ltr'>hoc</span> <span class='ocrx_word' id='word_1_67' title='bbox 553 757 614 788; x_wconf 83' lang='lat' dir='ltr'>est</span> <span class='ocrx_word' id='word_1_68' title='bbox 650 751 867 788; x_wconf 86' lang='lat' dir='ltr'>continua¹</span> <span class='ocrx_word' id='word_1_69' title='bbox 906 752 1087 786; x_wconf 82' lang='lat' dir='ltr'>siccitate</span> <span class='ocrx_word' id='word_1_70' title='bbox 1123 763 1168 786; x_wconf 88' lang='lat' dir='ltr'>ac</span> <span class='ocrx_word' id='word_1_71' title='bbox 1204 751 1275 786; x_wconf 81' lang='lat' dir='ltr'>nisi</span> <span class='ocrx_word' id='word_1_72' title='bbox 1313 749 1440 786; x_wconf 86' lang='lat' dir='ltr'>imber</span> 
     </span>
     <span class='ocr_line' id='line_1_15' title="bbox 256 801 1438 853; baseline -0.003 -11"><span class='ocrx_word' id='word_1_73' title='bbox 256 808 529 843; x_wconf 77' lang='lat' dir='ltr'>intervenerit.</span> <span class='ocrx_word' id='word_1_74' title='bbox 586 805 592 817; x_wconf 89' lang='lat'>‘</span> <span class='ocrx_word' id='word_1_75' title='bbox 614 804 743 841; x_wconf 86' lang='lat' dir='ltr'>Uvam</span> <span class='ocrx_word' id='word_1_76' title='bbox 770 803 1011 840; x_wconf 87' lang='lat' dir='ltr'>rorulentam</span> <span class='ocrx_word' id='word_1_77' title='bbox 1036 816 1086 840; x_wconf 87' lang='lat' dir='ltr'>ne</span> <span class='ocrx_word' id='word_1_78' title='bbox 1109 802 1259 853; x_wconf 87' lang='lat' dir='ltr'>legito‚’</span> <span class='ocrx_word' id='word_1_79' title='bbox 1283 801 1355 840; x_wconf 88' lang='lat' dir='ltr'>hoc</span> <span class='ocrx_word' id='word_1_80' title='bbox 1378 808 1438 839; x_wconf 86' lang='lat' dir='ltr'>est</span> 
     </span>
     <span class='ocr_line' id='line_1_16' title="bbox 256 856 1437 907; baseline -0.003 -11"><span class='ocrx_word' id='word_1_81' title='bbox 256 863 287 896; x_wconf 85' lang='lat' dir='ltr'>si</span> <span class='ocrx_word' id='word_1_82' title='bbox 301 873 362 896; x_wconf 81' lang='lat' dir='ltr'>ros</span> <span class='ocrx_word' id='word_1_83' title='bbox 377 865 591 895; x_wconf 88' lang='lat' dir='ltr'>nocturnus</span> <span class='ocrx_word' id='word_1_84' title='bbox 605 858 739 901; x_wconf 82' lang='lat' dir='ltr'>suerit,</span> <span class='ocrx_word' id='word_1_85' title='bbox 753 871 826 895; x_wconf 84' lang='lat' dir='ltr'>nec</span> <span class='ocrx_word' id='word_1_86' title='bbox 839 860 946 907; x_wconf 86' lang='lat' dir='ltr'>prius</span> <span class='ocrx_word' id='word_1_87' title='bbox 960 870 1080 907; x_wconf 85' lang='lat' dir='ltr'>quam</span> <span class='ocrx_word' id='word_1_88' title='bbox 1095 856 1176 893; x_wconf 89' lang='lat' dir='ltr'>sole</span> <span class='ocrx_word' id='word_1_89' title='bbox 1189 856 1437 894; x_wconf 83' lang='lat' dir='ltr'>discutiatur.</span> 
     </span>
     <span class='ocr_line' id='line_1_17' title="bbox 256 911 1439 961; baseline -0.003 -12"><span class='ocrx_word' id='word_1_90' title='bbox 256 914 263 925; x_wconf 83' lang='lat'>⁴</span> <span class='ocrx_word' id='word_1_91' title='bbox 285 913 540 949; x_wconf 72' lang='lat' dir='ltr'>Vindemiare</span> <span class='ocrx_word' id='word_1_92' title='bbox 578 915 739 961; x_wconf 74' lang='lat' dir='ltr'>incipito</span> <span class='ocrx_word' id='word_1_93' title='bbox 774 925 863 948; x_wconf 92' lang='lat' dir='ltr'>cum</span> <span class='ocrx_word' id='word_1_94' title='bbox 900 911 950 947; x_wconf 90' lang='lat' dir='ltr'>ad</span> <span class='ocrx_word' id='word_1_95' title='bbox 986 911 1193 961; x_wconf 86' lang='lat' dir='ltr'>palmitem</span> <span class='ocrx_word' id='word_1_96' title='bbox 1230 912 1439 960; x_wconf 87' lang='lat' dir='ltr'>pampinus</span> 
     </span>
     <span class='ocr_line' id='line_1_18' title="bbox 255 966 1438 1016; baseline -0.003 -13"><span class='ocrx_word' id='word_1_97' title='bbox 255 967 516 1016; x_wconf 80' lang='lat' dir='ltr'>procumbere</span> <span class='ocrx_word' id='word_1_98' title='bbox 549 968 725 1015; x_wconf 86' lang='lat' dir='ltr'>coeperit</span> <span class='ocrx_word' id='word_1_99' title='bbox 771 971 839 1001; x_wconf 88' lang='lat' dir='ltr'>aut</span> <span class='ocrx_word' id='word_1_100' title='bbox 884 978 974 1001; x_wconf 89' lang='lat' dir='ltr'>cum</span> <span class='ocrx_word' id='word_1_101' title='bbox 1009 970 1200 1014; x_wconf 83' lang='lat' dir='ltr'>exempto</span> <span class='ocrx_word' id='word_1_102' title='bbox 1233 966 1345 1001; x_wconf 88' lang='lat' dir='ltr'>acino</span> <span class='ocrx_word' id='word_1_103' title='bbox 1390 977 1438 1000; x_wconf 81' lang='lat' dir='ltr'>ex</span> 
     </span>
     <span class='ocr_line' id='line_1_19' title="bbox 256 1018 1436 1068; baseline -0.003 -11"><span class='ocrx_word' id='word_1_104' title='bbox 256 1021 458 1057; x_wconf 77' lang='lat' dir='ltr'>densitate</span> <span class='ocrx_word' id='word_1_105' title='bbox 480 1019 730 1056; x_wconf 85' lang='lat' dir='ltr'>intervallum</span> <span class='ocrx_word' id='word_1_106' title='bbox 754 1033 831 1055; x_wconf 90' lang='lat' dir='ltr'>non</span> <span class='ocrx_word' id='word_1_107' title='bbox 852 1018 1026 1067; x_wconf 86' lang='lat' dir='ltr'>conpleri</span> <span class='ocrx_word' id='word_1_108' title='bbox 1047 1020 1275 1068; x_wconf 84' lang='lat' dir='ltr'>apparuerit</span> <span class='ocrx_word' id='word_1_109' title='bbox 1294 1030 1339 1054; x_wconf 83' lang='lat' dir='ltr'>ac</span> <span class='ocrx_word' id='word_1_110' title='bbox 1360 1019 1436 1054; x_wconf 88' lang='lat' dir='ltr'>iam</span> 
     </span>
     <span class='ocr_line' id='line_1_20' title="bbox 260 1071 1439 1124; baseline -0.003 -14"><span class='ocrx_word' id='word_1_111' title='bbox 260 1088 337 1110; x_wconf 89' lang='lat' dir='ltr'>non</span> <span class='ocrx_word' id='word_1_112' title='bbox 374 1076 508 1124; x_wconf 79' lang='lat' dir='ltr'>augeri</span> <span class='ocrx_word' id='word_1_113' title='bbox 549 1072 710 1110; x_wconf 84' lang='lat' dir='ltr'>acinos.&#39;</span> <span class='ocrx_word' id='word_1_114' title='bbox 747 1073 961 1122; x_wconf 82' lang='lat' dir='ltr'>plurimum</span> <span class='ocrx_word' id='word_1_115' title='bbox 1002 1071 1125 1108; x_wconf 87' lang='lat' dir='ltr'>refert</span> <span class='ocrx_word' id='word_1_116' title='bbox 1163 1074 1193 1108; x_wconf 90' lang='lat' dir='ltr'>si</span> <span class='ocrx_word' id='word_1_117' title='bbox 1231 1073 1439 1121; x_wconf 87' lang='lat' dir='ltr'>contingat</span> 
     </span>
     <span class='ocr_line' id='line_1_21' title="bbox 258 1124 1440 1175; baseline -0.003 -11"><span class='ocrx_word' id='word_1_118' title='bbox 258 1134 463 1165; x_wconf 81' lang='lat' dir='ltr'>crescente.</span> <span class='ocrx_word' id='word_1_119' title='bbox 486 1127 579 1163; x_wconf 87' lang='lat' dir='ltr'>luna</span> <span class='ocrx_word' id='word_1_120' title='bbox 603 1127 860 1163; x_wconf 87' lang='lat' dir='ltr'>vindemiare.</span> <span class='ocrx_word' id='word_1_121' title='bbox 917 1139 1098 1175; x_wconf 79' lang='lat' dir='ltr'>pressura</span> <span class='ocrx_word' id='word_1_122' title='bbox 1123 1138 1201 1161; x_wconf 88' lang='lat' dir='ltr'>una</span> <span class='ocrx_word' id='word_1_123' title='bbox 1223 1124 1368 1161; x_wconf 80' lang='lat' dir='ltr'>culleos</span> <span class='ocrx_word' id='word_1_124' title='bbox 1393 1137 1440 1161; x_wconf 84' lang='lat' dir='ltr'>xx</span> 
     </span>
     <span class='ocr_line' id='line_1_22' title="bbox 258 1177 1440 1231; baseline -0.004 -12"><span class='ocrx_word' id='word_1_125' title='bbox 258 1181 424 1231; x_wconf 89' lang='lat' dir='ltr'>implere</span> <span class='ocrx_word' id='word_1_126' title='bbox 439 1181 561 1218; x_wconf 90' lang='lat' dir='ltr'>debet</span> <span class='ocrx_word' id='word_1_127' title='bbox 577 1194 584 1217; x_wconf 92' lang='lat'>:</span> <span class='ocrx_word' id='word_1_128' title='bbox 613 1179 675 1217; x_wconf 88' lang='lat' dir='ltr'>hic</span> <span class='ocrx_word' id='word_1_129' title='bbox 691 1187 751 1217; x_wconf 83' lang='lat' dir='ltr'>est</span> <span class='ocrx_word' id='word_1_130' title='bbox 767 1193 836 1229; x_wconf 80' lang='lat' dir='ltr'>pes</span> <span class='ocrx_word' id='word_1_131' title='bbox 851 1182 989 1216; x_wconf 69' lang='lat' dir='ltr'>iustus.</span> <span class='ocrx_word' id='word_1_132' title='bbox 1046 1179 1096 1216; x_wconf 91' lang='lat' dir='ltr'>ad</span> <span class='ocrx_word' id='word_1_133' title='bbox 1110 1178 1280 1215; x_wconf 85' lang='lat' dir='ltr'>totidem</span> <span class='ocrx_word' id='word_1_134' title='bbox 1295 1177 1440 1215; x_wconf 83' lang='lat' dir='ltr'>culleos</span> 
     </span>
     <span class='ocr_line' id='line_1_23' title="bbox 258 1232 1441 1283; baseline -0.003 -11"><span class='ocrx_word' id='word_1_135' title='bbox 258 1242 299 1272; x_wconf 89' lang='lat' dir='ltr'>et</span> <span class='ocrx_word' id='word_1_136' title='bbox 311 1235 418 1272; x_wconf 87' lang='lat' dir='ltr'>lacus</span> <span class='ocrx_word' id='word_1_137' title='bbox 431 1247 479 1271; x_wconf 84' lang='lat' dir='ltr'>xx</span> <span class='ocrx_word' id='word_1_138' title='bbox 492 1235 693 1283; x_wconf 77' lang='lat' dir='ltr'>iugeribus</span> <span class='ocrx_word' id='word_1_139' title='bbox 708 1247 830 1270; x_wconf 90' lang='lat' dir='ltr'>unum</span> <span class='ocrx_word' id='word_1_140' title='bbox 842 1233 979 1270; x_wconf 80' lang='lat' dir='ltr'>sufficit</span> <span class='ocrx_word' id='word_1_141' title='bbox 996 1232 1206 1270; x_wconf 82' lang='lat' dir='ltr'>torculum.</span> <span class='ocrx_word' id='word_1_142' title='bbox 1253 1237 1441 1282; x_wconf 88' lang='lat' dir='ltr'>premunt</span> 
     </span>
     <span class='ocr_line' id='line_1_24' title="bbox 258 1287 1440 1339; baseline -0.003 -14"><span class='ocrx_word' id='word_1_143' title='bbox 258 1289 376 1339; x_wconf 85' lang='lat' dir='ltr'>aliqui</span> <span class='ocrx_word' id='word_1_144' title='bbox 405 1288 581 1336; x_wconf 76' lang='lat' dir='ltr'>singulis,</span> <span class='ocrx_word' id='word_1_145' title='bbox 607 1287 741 1324; x_wconf 85' lang='lat' dir='ltr'>utilius</span> <span class='ocrx_word' id='word_1_146' title='bbox 767 1288 881 1327; x_wconf 79' lang='lat' dir='ltr'>binis,</span> <span class='ocrx_word' id='word_1_147' title='bbox 908 1287 999 1323; x_wconf 88' lang='lat' dir='ltr'>licet</span> <span class='ocrx_word' id='word_1_148' title='bbox 1026 1299 1174 1337; x_wconf 84' lang='lat' dir='ltr'>magna</span> <span class='ocrx_word' id='word_1_149' title='bbox 1200 1288 1250 1323; x_wconf 89' lang='lat' dir='ltr'>sit</span> <span class='ocrx_word' id='word_1_150' title='bbox 1276 1288 1440 1322; x_wconf 82' lang='lat' dir='ltr'>vastitas</span> 
     </span>
     <span class='ocr_line' id='line_1_25' title="bbox 258 1339 1439 1392; baseline -0.004 -13"><span class='ocrx_word' id='word_1_151' title='bbox 258 1343 433 1392; x_wconf 84' lang='lat' dir='ltr'>singulis.</span> <span class='ocrx_word' id='word_1_152' title='bbox 465 1342 672 1391; x_wconf 85' lang='lat' dir='ltr'>longitudo</span> <span class='ocrx_word' id='word_1_153' title='bbox 692 1344 731 1378; x_wconf 92' lang='lat' dir='ltr'>in</span> <span class='ocrx_word' id='word_1_154' title='bbox 752 1340 810 1377; x_wconf 77' lang='lat' dir='ltr'>liis</span> <span class='ocrx_word' id='word_1_155' title='bbox 836 1340 974 1379; x_wconf 78' lang='lat' dir='ltr'>refert,</span> <span class='ocrx_word' id='word_1_156' title='bbox 994 1354 1072 1376; x_wconf 83' lang='lat' dir='ltr'>non</span> <span class='ocrx_word' id='word_1_157' title='bbox 1093 1339 1334 1381; x_wconf 80' lang='lat' dir='ltr'>crassitudo;</span> <span class='ocrx_word' id='word_1_158' title='bbox 1354 1352 1439 1388; x_wconf 78' lang='lat' dir='ltr'>spa-</span> 
     </span>
     <span class='ocr_line' id='line_1_26' title="bbox 260 1392 1440 1445; baseline -0.003 -12"><span class='ocrx_word' id='word_1_159' title='bbox 260 1400 360 1434; x_wconf 84' lang='lat' dir='ltr'>tiosa</span> <span class='ocrx_word' id='word_1_160' title='bbox 374 1396 515 1433; x_wconf 82' lang='lat' dir='ltr'>melius</span> <span class='ocrx_word' id='word_1_161' title='bbox 529 1401 730 1445; x_wconf 88' lang='lat' dir='ltr'>premunt.</span> <span class='ocrx_word' id='word_1_162' title='bbox 786 1397 939 1444; x_wconf 86' lang='lat' dir='ltr'>antiqui</span> <span class='ocrx_word' id='word_1_163' title='bbox 953 1394 1112 1431; x_wconf 82' lang='lat' dir='ltr'>funibus</span> <span class='ocrx_word' id='word_1_164' title='bbox 1126 1396 1314 1443; x_wconf 75' lang='lat' dir='ltr'>vittisque</span> <span class='ocrx_word' id='word_1_165' title='bbox 1326 1392 1440 1429; x_wconf 76' lang='lat' dir='ltr'>loreis</span> 
     </span>
    </p>
   </div>
   <div class='ocr_carea' id='block_1_6' title="bbox 280 1493 1440 1578">
    <p class='ocr_par' dir='ltr' id='par_1_7' title="bbox 280 1493 1440 1578">
     <span class='ocr_line' id='line_1_27' title="bbox 327 1493 1440 1536; baseline -0.004 -7"><span class='ocrx_word' id='word_1_166' title='bbox 327 1499 338 1517; x_wconf 90' lang='lat'>¹</span> <span class='ocrx_word' id='word_1_167' title='bbox 364 1498 552 1529; x_wconf 80' lang='lat' dir='ltr'>continua?</span> <span class='ocrx_word' id='word_1_168' title='bbox 575 1496 645 1529; x_wconf 77' lang='lat' dir='ltr'>coll.</span> <span class='ocrx_word' id='word_1_169' title='bbox 669 1505 734 1528; x_wconf 69' lang='lat' dir='ltr'>xxx</span> <span class='ocrx_word' id='word_1_170' title='bbox 759 1497 800 1528; x_wconf 89' lang='lat'>82</span> <span class='ocrx_word' id='word_1_171' title='bbox 825 1496 1001 1536; x_wconf 79' lang='lat' dir='ltr'>Maylmss:</span> <span class='ocrx_word' id='word_1_172' title='bbox 1037 1496 1070 1527; x_wconf 92' lang='lat' dir='ltr'>in</span> <span class='ocrx_word' id='word_1_173' title='bbox 1094 1495 1199 1527; x_wconf 84' lang='lat' dir='ltr'>nimia</span> <span class='ocrx_word' id='word_1_174' title='bbox 1220 1494 1268 1526; x_wconf 85' lang='lat' dir='ltr'>cd.</span> <span class='ocrx_word' id='word_1_175' title='bbox 1292 1493 1383 1526; x_wconf 75' lang='lat' dir='ltr'>Leid.</span> <span class='ocrx_word' id='word_1_176' title='bbox 1407 1505 1440 1525; x_wconf 82' lang='grc' dir='ltr'>π.</span> 
     </span>
     <span class='ocr_line' id='line_1_28' title="bbox 280 1539 1021 1578; baseline -0.003 -7"><span class='ocrx_word' id='word_1_177' title='bbox 280 1541 359 1578; x_wconf 76' lang='lat' dir='ltr'>VII,</span> <span class='ocrx_word' id='word_1_178' title='bbox 376 1552 419 1571; x_wconf 85' lang='lat' dir='ltr'>m.</span> <span class='ocrx_word' id='word_1_179' title='bbox 439 1543 476 1572; x_wconf 76' lang='lat'>2:</span> <span class='ocrx_word' id='word_1_180' title='bbox 503 1542 537 1572; x_wconf 90' lang='lat' dir='ltr'>in</span> <span class='ocrx_word' id='word_1_181' title='bbox 553 1551 593 1572; x_wconf 80' lang='lat' dir='ltr'>ea</span> <span class='ocrx_word' id='word_1_182' title='bbox 610 1540 699 1572; x_wconf 72' lang='lat' dir='ltr'>relL:</span> <span class='ocrx_word' id='word_1_183' title='bbox 726 1541 758 1570; x_wconf 92' lang='lat' dir='ltr'>in</span> <span class='ocrx_word' id='word_1_184' title='bbox 775 1540 848 1570; x_wconf 84' lang='lat' dir='ltr'>eius</span> <span class='ocrx_word' id='word_1_185' title='bbox 864 1539 934 1570; x_wconf 79' lang='lat' dir='ltr'>edd.</span> <span class='ocrx_word' id='word_1_186' title='bbox 952 1542 1021 1570; x_wconf 67' lang='grc' dir='ltr'>ιτα.</span> 
     </span>
    </p>
   </div>
   <div class='ocr_carea' id='block_1_7' title="bbox 986 1632 1178 1637">
    <p class='ocr_par' dir='ltr' id='par_1_8' title="bbox 986 1632 1178 1637">
     <span class='ocr_line' id='line_1_29' title="bbox 986 1632 1178 1637; baseline 0 0"><span class='ocrx_word' id='word_1_187' title='bbox 986 1632 1178 1637; x_wconf 95' lang='lat' dir='ltr'> </span> 
     </span>
    </p>
   </div>
   <div class='ocr_carea' id='block_1_8' title="bbox 256 1693 1443 2081">
    <p class='ocr_par' dir='ltr' id='par_1_9' title="bbox 256 1693 1440 1774">
     <span class='ocr_line' id='line_1_30' title="bbox 302 1693 1440 1736; baseline -0.004 -7"><span class='ocrx_word' id='word_1_188' title='bbox 302 1702 318 1717; x_wconf 81' lang='lat'><strong>⁰</strong></span> <span class='ocrx_word' id='word_1_189' title='bbox 340 1698 461 1729; x_wconf 72' lang='lat' dir='ltr'>Silente</span> <span class='ocrx_word' id='word_1_190' title='bbox 481 1697 564 1729; x_wconf 78' lang='lat' dir='ltr'>lum</span> <span class='ocrx_word' id='word_1_191' title='bbox 584 1711 617 1723; x_wconf 96' lang='lat'>=</span> <span class='ocrx_word' id='word_1_192' title='bbox 637 1697 652 1736; x_wconf 68' lang='grc' dir='ltr'><strong>ξ</strong></span> <span class='ocrx_word' id='word_1_193' title='bbox 669 1697 732 1728; x_wconf 79' lang='grc'>322</span> <span class='ocrx_word' id='word_1_194' title='bbox 756 1695 934 1727; x_wconf 75' lang='lat' dir='ltr'>interlunio</span> <span class='ocrx_word' id='word_1_195' title='bbox 950 1706 961 1727; x_wconf 90' lang='lat'><em>:</em></span> <span class='ocrx_word' id='word_1_196' title='bbox 997 1695 1054 1726; x_wconf 85' lang='lat' dir='ltr'>the</span> <span class='ocrx_word' id='word_1_197' title='bbox 1077 1694 1198 1736; x_wconf 88' lang='lat' dir='ltr'>phrase</span> <span class='ocrx_word' id='word_1_198' title='bbox 1222 1704 1334 1726; x_wconf 76' lang='lat' dir='ltr'>comes</span> <span class='ocrx_word' id='word_1_199' title='bbox 1354 1693 1440 1725; x_wconf 70' lang='lat' dir='ltr'>from</span> 
     </span>
     <span class='ocr_line' id='line_1_31' title="bbox 256 1741 353 1774; baseline -0.01 0"><span class='ocrx_word' id='word_1_200' title='bbox 256 1741 353 1774; x_wconf 82' lang='lat' dir='ltr'>Cato.</span> 
     </span>
    </p>

    <p class='ocr_par' dir='ltr' id='par_1_10' title="bbox 305 1783 555 1815">
     <span class='ocr_line' id='line_1_32' title="bbox 305 1783 555 1815; baseline 0 -1"><span class='ocrx_word' id='word_1_201' title='bbox 305 1784 317 1804; x_wconf 74' lang='lat'><em>⁶</em></span> <span class='ocrx_word' id='word_1_202' title='bbox 341 1784 407 1815; x_wconf 87' lang='lat' dir='ltr'>For</span> <span class='ocrx_word' id='word_1_203' title='bbox 425 1783 555 1814; x_wconf 86' lang='lat' dir='ltr'>sodder.</span> 
     </span>
    </p>

    <p class='ocr_par' dir='ltr' id='par_1_11' title="bbox 300 1825 733 1861">
     <span class='ocr_line' id='line_1_33' title="bbox 300 1825 733 1861; baseline -0.002 -5"><span class='ocrx_word' id='word_1_204' title='bbox 300 1832 310 1846; x_wconf 74' lang='lat'><em>⁶</em></span> <span class='ocrx_word' id='word_1_205' title='bbox 333 1826 531 1861; x_wconf 74' lang='lat' dir='ltr'>Columella,</span> <span class='ocrx_word' id='word_1_206' title='bbox 550 1825 614 1857; x_wconf 87' lang='lat' dir='ltr'>XI.</span> <span class='ocrx_word' id='word_1_207' title='bbox 633 1826 663 1861; x_wconf 81' lang='lat'>2,</span> <span class='ocrx_word' id='word_1_208' title='bbox 680 1825 733 1856; x_wconf 85' lang='lat'>67.</span> 
     </span>
    </p>

    <p class='ocr_par' dir='ltr' id='par_1_12' title="bbox 259 1864 1443 1943">
     <span class='ocr_line' id='line_1_34' title="bbox 301 1864 1443 1909; baseline -0.004 -9"><span class='ocrx_word' id='word_1_209' title='bbox 301 1869 316 1888; x_wconf 77' lang='lat'>‘¹</span> <span class='ocrx_word' id='word_1_210' title='bbox 341 1871 499 1901; x_wconf 67' lang='lat' dir='ltr'>pressura</span> <span class='ocrx_word' id='word_1_211' title='bbox 531 1868 750 1909; x_wconf 80' lang='lat' dir='ltr'>presumably</span> <span class='ocrx_word' id='word_1_212' title='bbox 779 1878 896 1898; x_wconf 80' lang='lat' dir='ltr'>means</span> <span class='ocrx_word' id='word_1_213' title='bbox 927 1867 985 1898; x_wconf 77' lang='lat' dir='ltr'>the</span> <span class='ocrx_word' id='word_1_214' title='bbox 1017 1869 1162 1898; x_wconf 76' lang='lat' dir='ltr'>amount</span> <span class='ocrx_word' id='word_1_215' title='bbox 1189 1865 1268 1897; x_wconf 76' lang='lat' dir='ltr'>that</span> <span class='ocrx_word' id='word_1_216' title='bbox 1294 1864 1354 1897; x_wconf 75' lang='lat' dir='ltr'>tho</span> <span class='ocrx_word' id='word_1_217' title='bbox 1381 1869 1443 1896; x_wconf 78' lang='lat' dir='ltr'>vat</span> 
     </span>
     <span class='ocr_line' id='line_1_35' title="bbox 259 1912 722 1943; baseline -0.002 0"><span class='ocrx_word' id='word_1_218' title='bbox 259 1913 369 1943; x_wconf 80' lang='lat' dir='ltr'>would</span> <span class='ocrx_word' id='word_1_219' title='bbox 391 1913 469 1943; x_wconf 86' lang='lat' dir='ltr'>hold</span> <span class='ocrx_word' id='word_1_220' title='bbox 489 1917 526 1943; x_wconf 78' lang='lat' dir='ltr'>at</span> <span class='ocrx_word' id='word_1_221' title='bbox 545 1922 608 1943; x_wconf 87' lang='lat' dir='ltr'>one</span> <span class='ocrx_word' id='word_1_222' title='bbox 627 1912 722 1943; x_wconf 81' lang='lat' dir='ltr'>time.</span> 
     </span>
    </p>

    <p class='ocr_par' dir='ltr' id='par_1_13' title="bbox 259 1949 1441 2081">
     <span class='ocr_line' id='line_1_36' title="bbox 302 1949 1441 1996; baseline -0.004 -10"><span class='ocrx_word' id='word_1_223' title='bbox 302 1961 312 1973; x_wconf 79' lang='lat'><strong><em>‘</em></strong></span> <span class='ocrx_word' id='word_1_224' title='bbox 336 1956 483 1990; x_wconf 59' lang='lat' dir='ltr'>(jallans.</span> <span class='ocrx_word' id='word_1_225' title='bbox 508 1955 678 1996; x_wconf 79' lang='lat' dir='ltr'>supposed</span> <span class='ocrx_word' id='word_1_226' title='bbox 702 1958 738 1985; x_wconf 83' lang='lat' dir='ltr'>to</span> <span class='ocrx_word' id='word_1_227' title='bbox 763 1953 803 1984; x_wconf 89' lang='lat' dir='ltr'>be</span> <span class='ocrx_word' id='word_1_228' title='bbox 827 1953 885 1984; x_wconf 80' lang='lat' dir='ltr'>the</span> <span class='ocrx_word' id='word_1_229' title='bbox 909 1963 1002 1983; x_wconf 69' lang='lat' dir='ltr'>Same</span> <span class='ocrx_word' id='word_1_230' title='bbox 1027 1962 1180 1983; x_wconf 76' lang='lat' dir='ltr'>measure</span> <span class='ocrx_word' id='word_1_231' title='bbox 1203 1961 1240 1982; x_wconf 80' lang='lat' dir='ltr'>as</span> <span class='ocrx_word' id='word_1_232' title='bbox 1263 1962 1283 1982; x_wconf 78' lang='lat' dir='ltr'>a</span> <span class='ocrx_word' id='word_1_233' title='bbox 1305 1949 1441 1985; x_wconf 81' lang='lat' dir='ltr'>dolium.</span> 
     </span>
     <span class='ocr_line' id='line_1_37' title="bbox 259 1993 1441 2038; baseline -0.003 -10"><span class='ocrx_word' id='word_1_234' title='bbox 259 1999 349 2035; x_wconf 68' lang='lat' dir='ltr'>msk,</span> <span class='ocrx_word' id='word_1_235' title='bbox 389 1998 466 2029; x_wconf 86' lang='lat' dir='ltr'>held</span> <span class='ocrx_word' id='word_1_236' title='bbox 501 1999 543 2029; x_wconf 89' lang='grc'>20</span> <span class='ocrx_word' id='word_1_237' title='bbox 575 1997 763 2038; x_wconf 81' lang='lat' dir='ltr'>amphorae,</span> <span class='ocrx_word' id='word_1_238' title='bbox 794 1996 953 2037; x_wconf 62' lang='lat' dir='ltr'>pitz-hors,</span> <span class='ocrx_word' id='word_1_239' title='bbox 985 1996 1067 2027; x_wconf 79' lang='lat' dir='ltr'>each</span> <span class='ocrx_word' id='word_1_240' title='bbox 1104 1994 1242 2035; x_wconf 82' lang='lat' dir='ltr'>holding</span> <span class='ocrx_word' id='word_1_241' title='bbox 1275 1993 1392 2035; x_wconf 81' lang='lat' dir='ltr'>nearly</span> <span class='ocrx_word' id='word_1_242' title='bbox 1423 1994 1441 2024; x_wconf 85' lang='lat'><strong>7</strong></span> 
     </span>
     <span class='ocr_line' id='line_1_38' title="bbox 259 2042 399 2081; baseline 0.007 -9"><span class='ocrx_word' id='word_1_243' title='bbox 259 2042 399 2081; x_wconf 68' lang='lat' dir='ltr'>ganono.</span> 
     </span>
    </p>
   </div>
   <div class='ocr_carea' id='block_1_9' title="bbox 259 2103 330 2150">
    <p class='ocr_par' dir='ltr' id='par_1_14' title="bbox 259 2103 330 2150">
     <span class='ocr_line' id='line_1_39' title="bbox 259 2103 330 2150; baseline -0.014 -11"><span class='ocrx_word' id='word_1_244' title='bbox 259 2103 330 2150; x_wconf 78' lang='lat'>386</span> 
     </span>
    </p>
   </div>
  </div>
 </body>
</html>
