1486 2359
100 740 141 772 32

149 741 160 770 1

145 1364 163 1394 ¹0

403 164 593 202 PLINY:
636 166 900 203 NATURAL
937 166 1173 204 HISTORY

195 281 314 318 quam
358 271 530 318 segnitia
572 275 642 306 aut
685 272 851 306 avaritia
894 269 1164 307 insidiantium
1207 273 1376 308 caritati.

192 346 313 382 civilis
331 349 447 396 aequi
464 347 761 396 patrisfamilias
778 347 920 385 modus
938 354 997 384 est
1015 361 1172 385 annona
1188 351 1378 399 cuiusque

191 427 283 460 anni
307 427 387 467 uti;
422 425 462 461 id
483 438 684 476 peraeque
707 429 830 463 etiam
852 426 1171 463 lucrosissimum.
1229 427 1377 477 reliqua

191 502 241 538 de
279 505 375 538 vinis
411 501 580 540 adfatim
617 503 723 540 dicta
760 510 866 547 sunt,
902 506 1000 540 item
1038 504 1235 541 vindemia
1272 504 1375 541 facta

191 580 333 616 olivam
361 594 446 617 esse
472 582 719 630 rapiendam,
745 588 786 619 et
812 595 917 632 quae
940 581 991 618 ad
1016 582 1147 620 oleum
1173 585 1376 632 pertinent

193 671 376 708 quaeque
399 672 421 694 a
442 659 694 709 vergiliarum
716 673 856 697 occasu
879 662 943 710 agi
964 660 1128 697 debent.

244 736 405 773 LXXV.
437 736 509 774 His
546 751 650 787 quae
685 744 778 775 sunt
815 741 1036 775 necessaria
1073 738 1294 776 adicientur
1327 738 1378 776 de

192 814 282 851 luna
304 817 512 865 ventisque
532 821 572 852 et
591 819 822 867 praesagiis,
842 823 885 853 ut
905 819 955 853 sit.
974 822 1061 853 tota
1081 816 1258 854 sideralis
1277 820 1378 854 ratio

191 892 382 942 perfecta.
438 907 611 944 namque
633 894 829 945 Vergilius
851 897 973 931 etiam
996 898 1035 931 in
1057 908 1241 933 numeros
1261 895 1378 933 lunae

190 971 409 1019 digerenda
429 972 627 1022 quaedam
648 975 804 1022 putavit
827 973 1047 1010 Democriti
1067 979 1227 1010 secutus
1247 979 1378 1011 osten-

190 1051 410 1093 tationem3
448 1063 516 1086 nos
540 1049 674 1100 legum
699 1050 864 1094 utilitas,
887 1064 991 1101 quae
1012 1053 1051 1088 in
1073 1057 1161 1088 toto
1183 1064 1317 1101 opere,
1339 1054 1377 1089 in

190 1125 263 1163 hac
281 1140 439 1177 quoque
458 1134 591 1164 movet
610 1134 738 1177 parte.

242 1204 388 1241 Omnia
439 1218 542 1255 quae
591 1205 827 1248 caeduntur,
877 1211 1108 1256 carpuntur,
1157 1206 1379 1243 tondentur

191 1285 440 1319 innocentius
469 1283 728 1320 decrescente
757 1283 850 1320 luna
880 1297 1001 1334 quam
1028 1290 1233 1321 crescente
1263 1284 1375 1322 fiunt.

189 1366 340 1397 stercus
377 1363 449 1397 „in
484 1361 743 1398 decrescente
779 1361 873 1398 luna
910 1375 958 1398 ne
994 1364 1167 1412 tangito,
1203 1364 1376 1399 maxime

191 1444 327 1474 autem
352 1441 664 1476 intermenstrua
687 1439 930 1490 dimidiaque
954 1446 1187 1477 stercorato.
1232 1453 1377 1484 verres,

191 1518 388 1559 iuvencos,
412 1519 570 1559 arietes,
594 1516 742 1554 haedos
772 1517 1031 1554 decrezcente
1061 1517 1155 1554 luna
1183 1523 1373 1554 castrato.

190 1607 262 1630 ova
287 1593 380 1630 luna
406 1607 505 1630 nova
530 1597 756 1644 supponito.
812 1595 969 1632 scrobes
994 1595 1087 1632 luna
1111 1595 1230 1646 plena
1255 1601 1375 1633 noctu

190 1670 324 1708 facito.
380 1672 564 1708 arborum
588 1672 740 1709 radices
764 1672 856 1709 luna
880 1673 998 1722 plena
1021 1676 1187 1723 operito.
1233 1673 1374 1710 umidis

191 1748 282 1786 locis
305 1749 518 1786 interlunio
538 1752 660 1787 serito
681 1756 721 1787 et
743 1753 845 1787 circa
868 1751 1126 1788 interlunium
1147 1751 1373 1802 quatriduo.

191 1830 371 1866 ventilari
392 1843 551 1880 quoque
570 1830 772 1867 frumenta
792 1844 837 1867 ac
857 1831 1058 1881 legumina
1078 1838 1120 1868 et
1138 1832 1253 1869 condi
1271 1834 1374 1869 circa

190 1913 414 1944 extremam
440 1907 576 1945 lunam
603 1908 757 1953 iubent,
783 1911 994 1945 seminaria
1019 1923 1110 1946 cum
1136 1908 1229 1946 luna
1255 1922 1374 1958 supra

190 1988 338 2021 terram
354 1987 404 2021 sit
422 1985 518 2027 fieri,
532 1985 676 2022 calcari
692 1992 823 2022 musta
839 2000 928 2022 cum
944 1986 1036 2022 luna
1052 1986 1125 2023 sub
1139 1992 1261 2030 terra,
1275 1988 1372 2023 item

189 2099 260 2135 390
