1486 2359
142 527 203 558 159

143 977 202 1007 160

144 1621 197 1651 161

434 161 623 199 PLINY:
676 161 940 200 NATURAL
978 161 1215 200 HISTORY

229 267 359 302 caveri
383 268 522 315 utique
546 278 595 302 ne
620 271 735 302 extra
757 271 908 302 terram
930 268 1048 315 positi
1071 265 1153 303 sole
1176 268 1416 311 inarescant,

231 335 352 366 vento
381 336 450 366 aut
481 329 626 379 frigore
655 329 912 367 hebetentur.
968 332 1034 380 qui
1065 330 1216 367 diutius
1245 333 1285 367 in
1313 333 1415 368 sicco

232 393 380 430 fuerint
407 397 638 444 priusquam
665 400 850 431 serantur
876 397 914 430 in
943 407 1046 444 aqua
1073 394 1248 444 pluribus
1275 394 1415 432 diebus

230 460 482 495 revirescant.

280 521 415 558 Solum
448 525 625 571 apricum
659 529 702 559 et
735 536 856 572 quam
890 522 1162 560 mollissimum
1182 523 1196 546 ¹
1229 525 1269 560 in
1301 526 1416 560 semi·

231 589 340 622 nario
372 589 452 623 sive
485 589 525 622 in
558 589 671 623 vinea
705 586 870 624 bidente
901 590 1095 637 pastinari
1126 587 1250 624 debet
1283 593 1415 624 ternos

230 650 367 700 pedes,
397 650 544 700 bipalio
577 657 647 687 aut
669 650 684 673 ²
713 664 842 687 marra
873 654 964 688 reici
995 657 1234 701 quaternum
1268 651 1414 701 pedum

230 714 442 757 fermento,
461 717 517 752 ita
537 720 581 751 ut
600 717 639 751 in
657 715 781 765 pedes
798 715 909 752 binos
927 715 1030 752 fossa
1047 715 1253 765 procedat,
1269 715 1414 753 fossum

230 782 391 828 purgari
425 785 465 815 et
499 779 679 822 extendi,
710 793 759 816 ne
790 779 956 816 crudum
987 779 1249 829 relinquatur,
1279 793 1414 817 verum

231 846 336 893 exigi
355 856 539 880 mensura
554 857 562 880 ;
595 843 698 880 male
716 846 966 892 pastinatum
984 843 1238 893 deprendunt
1255 857 1414 881 scamna

229 907 467 957 inaequalia.
522 908 729 944 metienda
751 913 813 944 est
835 913 877 944 et
899 921 948 945 ea
969 920 1059 957 pars
1081 920 1184 958 quae
1205 910 1415 945 interiacet

228 971 428 1020 pulx·i11is.³
481 971 624 1008 surculi
657 978 843 1009 seruntur
871 977 913 1009 et
940 974 980 1009 in
1006 972 1144 1009 scrobe
1173 977 1215 1009 et
1242 974 1282 1009 in
1309 971 1416 1009 sulco

230 1035 418 1086 longiore,
442 1049 561 1086 super
582 1050 703 1086 quam
731 1039 950 1073 tenerrima
979 1038 1175 1087 ingeritur
1202 1041 1325 1080 terra,
1345 1036 1415 1074 sed

229 1102 269 1136 in
293 1100 430 1150 gracili
455 1100 537 1137 solo
563 1100 710 1137 frustra
736 1103 809 1137 nisi
834 1100 1039 1138 substrato
1065 1102 1272 1151 pinguiore
1297 1103 1414 1138 corio.

229 1178 409 1215 gemmas
441 1178 518 1201 non
549 1164 787 1214 pauciores⁴
817 1178 939 1215 quam
969 1165 1067 1202 duas
1099 1167 1224 1215 integi
1255 1170 1414 1215 oportet

231 1235 272 1265 et
291 1232 512 1278 proximam
533 1232 693 1279 attingi,
712 1235 862 1266 terram
883 1229 1025 1266 eodem
1041 1229 1057 1252 ⁵
1081 1228 1228 1278 paxillo
1247 1228 1413 1279 deprimi

231 1299 272 1330 et
284 1296 455 1342 spissari,
467 1296 660 1330 interesse
673 1296 712 1330 in
724 1293 924 1343 plantario
936 1293 1194 1343 sesquipedes
1206 1295 1312 1330 inter
1322 1293 1413 1330 bina

229 1360 382 1394 semina
405 1360 444 1394 in
466 1357 738 1402 latitudinem,
762 1361 802 1394 in
824 1357 1116 1408 longitudinem
1139 1360 1336 1402 semisses,
1357 1360 1415 1395 ita

228 1428 335 1459 satos
386 1422 589 1459 malleolos
639 1434 729 1459 xxiv
778 1435 916 1459 mense
965 1422 1142 1459 recidere
1191 1422 1243 1459 ad
1291 1424 1413 1459 imum

230 1486 453 1529 articulum,
474 1489 505 1523 si
521 1486 536 1509 Β
560 1489 632 1536 ipsi
652 1492 851 1536 parcatur.
907 1485 1109 1523 oculorum
1131 1485 1224 1523 inde
1245 1489 1413 1523 materia

231 1553 391 1595 emicat,
406 1564 495 1587 cum
514 1564 590 1601 qua
607 1563 721 1587 xxxw
738 1564 875 1588 mense
891 1550 1083 1588 viviradix
1098 1549 1351 1588 transfertur.

279 1614 352 1651 Est
385 1621 426 1651 et
458 1614 658 1651 luxuriosa
690 1617 793 1651 ratio
825 1617 926 1652 vites
959 1614 1116 1651 serendi
1148 1620 1193 1651 ut
1225 1620 1416 1665 quattuor

231 1678 401 1715 malleoli
443 1678 672 1716 vehementi
713 1679 867 1716 vinculo
906 1678 1143 1729 colligentur
1182 1681 1261 1715 ima
1299 1684 1415 1729 parte

276 1792 287 1811 ¹
312 1791 571 1823 mollissimum?
592 1792 767 1833 Mayhosf:
793 1792 1051 1833 amplissimum.

274 1836 286 1854 ²
315 1835 558 1874 Warminyton:
585 1834 666 1865 alto.
714 1835 867 1867 Fortasse
884 1835 987 1876 pedes
1005 1834 1132 1876 bipalio
1148 1833 1271 1871 altum,
1290 1843 1412 1865 marra.

273 1878 286 1897 ³
309 1878 474 1909 lim-mmm
493 1890 499 1908 :
526 1878 667 1919 pulvini.

273 1921 286 1940 ⁴
308 1932 460 1962 gemmas
477 1931 543 1952 non
563 1922 736 1962 pauciores
753 1920 822 1953 coll.
844 1922 858 1961 ξ
874 1922 936 1953 204
952 1920 1028 1952 add.
1047 1920 1123 1952 Ian.

273 1964 285 1982 ⁶
309 1967 450 1995 autem?
470 1965 632 2004 Mssulwss·

274 2008 287 2026 ⁶
311 2009 337 2038 si
358 2007 402 2039 rel
419 2008 476 2043 sic.
496 2011 557 2039 ut'!
578 2007 753 2048 Mayhoff:
779 2007 852 2038 nisi.

231 2104 299 2129 110
