1486 2359
131 395 192 426 134

132 781 191 812 135

133 1424 192 1455 136

421 160 616 198 PLINY:
667 158 930 197 NATURAL
966 158 1201 197 HISTORY

218 275 355 300 mense
390 269 431 300 et
467 263 707 313 ubicumque
741 263 886 299 imbres
921 265 1060 299 aestivi
1100 262 1223 306 sunt,l
1257 261 1331 299 at²
1358 264 1396 298 in

221 327 333 364 India
365 333 406 364 et
438 326 654 377 Aethiopia
686 329 928 364 nescessario
958 332 1048 376 post
1078 325 1177 364 haec
1207 331 1399 364 autumno

218 398 402 428 seruntur
439 392 611 428 arbores.
667 404 762 441 ergo
798 394 877 427 tria
913 397 1097 440 tempora
1133 391 1277 428 eadem
1313 403 1400 441 ger-

219 458 460 499 minationis,
473 468 542 492 ver
555 462 597 492 et
611 454 729 492 Canis
743 455 983 504 Arcturique
996 461 1117 492 ortus.
1151 467 1281 504 neque
1295 457 1400 492 enim

220 519 449 556 animalium
473 526 634 556 tantum
660 525 721 556 est
745 519 797 557 ad
820 522 948 556 coitus
973 519 1156 562 aviditas,
1179 519 1251 556 sed
1274 517 1401 555 multo

219 586 344 620 maior
380 589 441 620 est
476 590 610 620 terrae
646 597 691 620 ac
727 589 905 620 satorum
941 586 1116 620 omnium
1153 582 1288 626 libido,
1324 595 1401 633 qua

218 650 458 697 tempestive
479 650 537 685 uti
557 647 770 697 plurimum
787 650 956 684 interest
976 653 1191 697 conceptus
1211 645 1401 697 peculiar-

220 714 375 762 iterque
392 711 408 735 ³
433 714 472 748 in
498 714 638 756 insitis,
666 725 756 748 cum
781 714 833 748 sit
858 717 998 748 mutua
1023 711 1218 761 cupiditas
1244 713 1402 761 utrique

217 776 398 813 coeundi.
454 779 520 826 qui
561 789 629 813 ver
667 776 840 825 probant
880 776 930 812 ab
970 778 1222 826 aequinoctio
1261 778 1400 812 statim

220 840 454 883 admittunt,
466 840 742 889 praedicantes
755 843 934 887 germina
947 842 1156 889 parturire,
1168 839 1258 876 ideo
1268 838 1402 876 faciles

219 907 411 941 corticum
435 917 520 941 esse
543 904 782 954 conplexus;
819 907 885 954 qui
909 903 1144 953 praeferunt
1167 909 1401 940 autumnum

221 969 270 1005 ab
301 971 445 1006 arcturi
476 974 580 1013 ortu,
610 970 798 1019 quoniam
829 970 966 1005 statim
997 968 1171 1005 radicem
1203 967 1401 1018 quandam

219 1035 379 1082 capiant
403 1039 445 1070 et
467 1033 518 1070 ad
539 1046 608 1069 ver
628 1039 773 1082 parata
795 1035 958 1069 veniant
980 1038 1102 1083 atque
1125 1045 1202 1068 non
1224 1034 1402 1082 protinus

221 1100 460 1147 germinatio
480 1096 637 1134 auferat
659 1100 771 1133 vires.
827 1097 1027 1147 quaedam
1047 1102 1185 1134 tamen
1205 1101 1402 1133 statutum

219 1168 376 1210 tempus
401 1164 493 1198 anni
517 1161 668 1198 habent
693 1161 855 1211 ubique,
878 1167 923 1198 ut
946 1163 1071 1198 cerasi
1097 1167 1138 1198 et
1162 1159 1402 1211 amygdalae

217 1229 320 1263 circa
356 1226 537 1262 brumam
574 1225 730 1262 serendi
767 1225 828 1262 vel
867 1225 1088 1268 inserendj3
1138 1225 1189 1261 de
1223 1224 1402 1274 pluribus

219 1289 392 1327 locorum
406 1292 503 1327 situs
517 1293 668 1339 optime
681 1289 873 1327 iudicabit
888 1303 895 1326 :
923 1288 1068 1339 frigida
1081 1291 1185 1326 enim
1201 1294 1243 1326 et
1256 1301 1403 1339 aquosa

221 1368 340 1391 verno
382 1357 533 1391 conseri
577 1359 752 1404 oportet,
795 1356 897 1390 sicca
942 1359 984 1390 et
1026 1352 1155 1390 calida
1199 1359 1402 1390 autumno.

217 1422 435 1456 communis
473 1418 635 1468 quidem
673 1418 817 1455 Italiae
855 1420 959 1455 ratio
995 1423 1179 1467 tempora
1215 1417 1265 1454 ad
1301 1415 1404 1454 hunc

221 1483 381 1520 modum
423 1483 645 1520 distribuit:
700 1496 810 1519 moro
851 1482 901 1519 ab
939 1482 1066 1519 idibus
1107 1481 1328 1518 Februariis
1366 1484 1404 1518 in

220 1550 534 1597 aequinoctium,
559 1549 643 1596 piro
667 1553 903 1583 autumnum
927 1549 984 1582 ita
1008 1551 1052 1582 ut
1077 1546 1258 1582 brumam
1283 1557 1330 1582 xv
1354 1558 1403 1581 ne

221 1614 348 1648 minus
375 1611 514 1647 dicbus
545 1610 791 1654 antecedat‚⁴
819 1610 932 1647 malis
959 1612 1118 1647 aestivis
1147 1615 1188 1646 et
1214 1611 1404 1651 cotoneis,

220 1678 315 1712 item
350 1676 487 1718 sorbis,
520 1678 671 1725 prunis,
704 1680 794 1724 post
832 1674 1007 1711 mediam
1040 1673 1212 1711 hiemem
1246 1677 1285 1710 in
1318 1673 1404 1710 idus

222 1740 469 1783 Februarias,
486 1739 651 1790 siliquae
670 1739 851 1776 Graecae
870 1745 912 1776 et
930 1741 1090 1788 persicis
1108 1743 1203 1775 ante
1221 1738 1402 1774 brumam

219 1817 289 1853 per
301 1811 552 1847 autumnum,
561 1803 724 1841 nucibus
737 1802 914 1853 iuglandi
929 1809 970 1839 et
983 1805 1128 1852 pineae
1141 1808 1183 1840 et
1195 1801 1404 1839 abellanae

534 1901 539 1918 ¹
568 1901 677 1939 (non)
694 1902 775 1931 sunt,
792 1899 979 1930 Hardouin.

529 1943 541 1961 ²
566 1946 603 1974 at
618 1942 706 1973 Ian:
731 1947 776 1973 et.

530 1986 542 2004 ³
566 1985 755 2017 Rackham:
781 1984 948 2026 peculiare
965 1984 1094 2025 utique.

528 2029 541 2048 ⁴
564 2028 753 2059 Rackham:
778 2027 992 2059 antecedant.

219 2096 266 2132 94
