1486 2359
122 332 180 362 177

121 783 182 813 178

122 1363 179 1392 17⁴.»

417 144 605 182 PLlNY:
648 144 912 182 NATURAL
948 144 1188 183 HISTORY

209 261 281 299 hoc
299 264 337 298 in
357 261 484 298 novali
502 274 632 312 aeque
648 264 914 299 necessarium
933 267 1017 299 est:
1048 262 1188 300 novale
1206 268 1267 300 est
1285 263 1393 314 quod

208 326 368 363 alternis
386 328 497 362 annis
513 328 668 362 seritur.
725 332 904 363 araturos
920 326 1041 363 boves
1057 339 1178 377 quam
1195 330 1391 366 artissime

209 393 316 440 iungi
336 396 510 440 oportet,
528 395 573 427 ut
590 390 787 440 capitibus
805 390 971 427 sublatis
989 394 1211 429 arent—sic
1228 394 1392 430 minime

208 455 308 492 colla
335 453 611 498 contundunt3
654 457 684 491 si
713 457 819 492 inter
846 455 1006 492 arbores
1035 457 1216 506 vitesque
1244 462 1393 500 aretur.

211 519 364 556 fiscellis
387 521 594 568 capistrari
619 531 669 556 ne
693 521 918 569 germinum
944 519 1189 556 tenerrima1
1213 533 1393 570 praecer-

209 589 329 633 pant:
361 583 619 620 securiculam
638 585 677 619 in
695 586 796 620 stiva
814 583 990 633 pendere
1008 597 1087 634 qua
1104 584 1394 623 intercidantur

210 646 487 685 radices—hoc
517 647 656 684 melius
687 661 807 698 quam
835 647 1001 685 convelli
1031 654 1164 686 aratro
1192 649 1392 700 bovesque

210 712 371 755 luctari;
404 715 444 748 in
462 712 612 749 arando
630 725 785 749 versum
805 715 943 763 peragi
962 725 1035 750 nec
1054 715 1223 763 strigare
1241 716 1280 750 in
1299 720 1391 752 actu

207 779 379 826 spiritus.
435 779 583 813 iustum
641 782 701 814 est
757 777 953 826 proscindi
1007 776 1115 814 sulco
1169 778 1392 816 dodrantali

208 844 390 891 iugerum
411 854 488 877 uno
506 841 585 882 die,
603 843 737 877 iterari
757 844 1088 891 sesquiiugerum‚
1106 844 1138 879 si
1155 844 1205 879 sit
1224 841 1393 880 facilitas

208 905 292 949 soli,
330 908 360 941 si
401 908 543 947 minus,
583 905 777 954 proscindi
817 908 1037 950 semissem,
1071 909 1211 952 iterari
1251 920 1394 951 assem,

208 970 368 1020 quando
405 976 445 1006 et
483 969 714 1007 animalium
751 969 874 1006 labori
913 976 1055 1007 natura
1091 970 1200 1022 leges
1237 975 1392 1010 statuit.

207 1048 325 1072 omne
338 1048 475 1071 arvum
488 1037 605 1071 rectis
618 1031 747 1076 sulcis,
760 1047 851 1071 mox
869 1040 910 1071 et
926 1035 1094 1085 obliquis
1110 1036 1238 1086 subigi
1255 1036 1392 1074 debet.

209 1102 247 1135 in
271 1098 434 1136 collibus
458 1105 635 1135 traverso
658 1105 818 1135 tanturn
845 1105 982 1136 monte
1007 1106 1157 1144 aratur,
1180 1100 1252 1138 sed
1275 1101 1394 1138 modo

209 1166 246 1200 in
284 1166 485 1213 superiora
524 1163 641 1200 modo
678 1166 717 1200 in
755 1163 940 1200 inferiora
977 1170 1175 1201 rostrante
1212 1177 1393 1207 vomere:

208 1234 449 1278 tantumque
481 1234 541 1265 est
572 1227 716 1265 laboris
747 1227 895 1265 homini
929 1234 972 1265 ut
1003 1231 1126 1266 etiam
1158 1229 1277 1266 boum
1309 1232 1393 1268 vice

208 1292 421 1341 fungatur:
463 1298 573 1330 certe
601 1295 686 1329 sine
714 1291 787 1329 hoc
817 1292 975 1330 animali
1006 1300 1222 1331 montanae
1249 1300 1392 1345 gentes

206 1357 365 1395 sarculis
394 1363 520 1394 arant.
577 1363 709 1394 arator
737 1360 808 1394 nisi
837 1360 1019 1395 incurvus
1047 1361 1392 1407 praevaricatur—

208 1422 299 1459 inde
339 1421 529 1458 tralatum
569 1420 643 1458 hoc
682 1425 831 1459 crimen
871 1424 912 1458 in
952 1421 1105 1459 forum:
1159 1423 1210 1459 ibi
1253 1426 1392 1474 utique

206 1493 396 1523 caveatur
411 1486 475 1522 ubi
493 1489 698 1522 inventum
716 1492 789 1523 est.
846 1492 991 1537 purget
1005 1500 1207 1524 vomerem
1223 1487 1392 1526 subinde

207 1551 390 1587 stimulus
413 1551 643 1600 cuspidatus
668 1550 775 1587 ralla.
831 1565 992 1588 scamna
1017 1554 1122 1588 inter
1144 1551 1242 1589 duos
1266 1551 1392 1589 sulcos

206 1615 328 1653 cruda
358 1629 408 1653 ne
438 1615 725 1665 relinquantur.
754 1615 923 1665 glaebae
954 1629 1003 1653 ne
1034 1615 1230 1654 exultent.
1285 1616 1390 1654 male

607 1716 617 1735 ¹
642 1716 833 1748 Book-ham:
859 1721 986 1749 tenera.

250 1879 317 1910 -.1
322 1890 347 1910 e.
366 1879 425 1910 the
442 1879 583 1910 furrows
600 1879 644 1910 do
662 1885 721 1910 not
741 1890 803 1910 run
820 1879 967 1921 straight
985 1890 1031 1921 up
1048 1879 1106 1911 hill
1123 1879 1191 1912 and
1209 1880 1268 1912 the
1285 1891 1388 1912 cross-

206 1922 346 1953 furrows
371 1922 608 1963 horizontally.
635 1922 697 1953 but
723 1922 805 1953 both
831 1933 887 1953 are
911 1922 1069 1961 diagonal
1094 1928 1131 1954 to
1155 1923 1214 1955 the
1238 1923 1331 1965 slope
1354 1923 1394 1956 of

204 1966 263 1997 the
282 1966 350 2000 hill.
371 1976 407 1996 so
425 1966 504 1997 that
522 1965 580 1996 the
599 1965 725 2006 plough
744 1976 825 1997 runs
843 1965 1049 2007 alternately
1068 1976 1114 2008 up
1132 1966 1191 1998 the
1209 1966 1303 2008 slope
1320 1967 1388 1998 and

204 2009 303 2039 down
323 2010 350 2040 it
367 2008 573 2050 diagonally.

205 2081 276 2118 300
