1486 2359
124 419 164 450 89

125 1048 166 1079 90

126 1747 164 1777 91

397 171 563 209 PLINY
577 186 586 210 ε
629 172 777 210 NATU
784 172 892 210 RAL
929 172 1166 211 HISTORY

192 274 386 312 Graeciae
419 278 564 313 seritur
593 277 726 313 radice
756 276 817 314 vel
851 279 1001 314 semine
1031 290 1122 313 vere
1157 279 1283 326 primo
1312 277 1374 314 vel

192 351 398 389 autumno,
437 352 482 382 ut
520 345 682 397 Hygino
719 346 868 396 placet,
908 346 1137 390 Februario,
1175 348 1374 398 Augusto,

192 413 433 464 Septembri,
471 414 650 459 Octobri,
688 415 770 453 solo
809 429 929 466 quam
968 415 1172 453 altissume
1210 415 1372 454 refosso.

193 484 375 521 annicula
419 485 524 522 utilis
568 499 653 522 esse
699 488 852 535 incipit,
889 486 997 522 bima
1041 486 1185 530 utilior,
1225 489 1377 537 gratior

192 559 384 590 autumno
422 557 650 605 patinisque
683 558 872 600 maxime,
901 561 943 592 et
981 558 1035 592 sic
1075 568 1233 606 quoque
1272 558 1376 593 virus

192 624 444 661 intractabile
466 624 518 661 illi
540 630 613 662 est.
664 624 858 662 hibiscum
879 638 901 662 a
921 627 1130 675 pastinaca
1149 625 1376 676 gracilitate

193 694 332 737 distat,
351 694 588 731 damnatum
614 698 652 731 in
673 695 783 738 cibis,
803 695 874 732 sed
895 695 1118 732 medicinae
1139 695 1248 732 utile.
1315 701 1377 732 est

193 770 234 800 et
258 770 446 814 quartum
472 777 598 814 genus
626 767 664 801 in
691 750 846 802 eadem⁴
862 764 1120 801 similitudine
1144 767 1376 814 pastinacae

193 847 312 883 quam
345 837 467 871 nostri
499 834 695 871 Gallicam
726 841 884 879 vocant,
909 834 1052 871 Graeci
1084 848 1177 872 vero
1207 834 1377 879 daneon,

192 906 301 940 cuius
333 917 483 954 genera
515 907 638 942 etiam
671 910 864 955 quattuor
894 904 1041 948 fecere,
1074 907 1180 942 inter
1204 904 1376 942 medica·

192 980 329 1010 menta
349 974 576 1011 dicendum.

244 1043 434 1080 XXVIII.
467 1043 572 1081 Siser
596 1050 639 1082 et
668 1046 797 1094 ipsum
822 1044 1002 1081 Tiberius
1030 1047 1212 1094 princeps
1240 1044 1377 1082 nobili-

192 1116 294 1150 tavit
323 1113 507 1164 flagitans
528 1115 710 1151 omnibus
731 1117 842 1151 annis
865 1127 885 1151 e
909 1114 1138 1151 Germania.
1193 1114 1378 1152 Gelduba

194 1183 420 1233 appellatur
430 1184 638 1222 castellum
662 1184 802 1221 Rheno
819 1187 1031 1234 inpositum
1050 1185 1115 1221 ubi
1131 1187 1378 1235 generositas

194 1256 420 1303 praecipua,
455 1267 504 1291 ex
535 1268 613 1305 quo
643 1260 810 1304 apparet
843 1254 994 1305 frigidis
1028 1254 1121 1291 locis
1154 1257 1376 1291 convenire.

194 1325 295 1360 inest
335 1324 583 1374 longitudine
626 1337 768 1361 nervus
812 1327 879 1375 qui
922 1324 1096 1361 decoctis
1141 1323 1378 1368 extrahitur,

195 1394 469 1431 amaritudinis
488 1401 627 1432 tamen
648 1407 795 1445 magna
815 1400 932 1443 parte
952 1393 1105 1438 relicta,
1125 1407 1229 1445 quae
1252 1394 1378 1431 mulso

195 1466 232 1499 in
252 1464 348 1500 cibis
368 1470 596 1514 temperata
613 1467 736 1501 etiam
754 1467 791 1501 in
808 1466 979 1514 gratiam
1002 1466 1180 1501 vertitur.
1236 1476 1378 1501 nervus

195 1533 300 1570 idem
348 1540 389 1570 et
437 1537 669 1583 pastinacae
714 1536 867 1578 maiori,
905 1533 1120 1570 dumtaxat
1157 1533 1377 1571 anniculae.

195 1606 323 1639 siseris
367 1610 478 1641 satus
519 1604 720 1641 mensibus
764 1604 992 1647 Februarim
1036 1603 1198 1647 Martio,
1239 1603 1378 1653 Aprili.

196 1673 392 1723 Augusto,
413 1673 654 1723 Septembri,
675 1674 852 1711 Octobri.

246 1742 394 1779 XXIX.
427 1743 586 1780 Brevior
601 1742 660 1780 his
677 1749 739 1780 est
755 1749 795 1780 et
811 1745 978 1780 torosior
993 1745 1242 1793 amariorque
1259 1741 1377 1786 inula,

195 1825 266 1862 per
286 1827 327 1850 se
348 1813 553 1850 stomacho
574 1816 870 1857 inimicissuma,
886 1812 1029 1850 eadem
1045 1812 1224 1850 dulcibus
1243 1815 1378 1849 mixtis

268 1999 283 2013 ⁸
305 1993 375 2025 The
390 1994 470 2025 wild
485 1997 609 2027 carrot.

268 2037 281 2055 ⁶
304 2037 405 2069 Some
419 2037 621 2069 authorities
638 2036 783 2078 identify
802 2036 860 2068 the
875 2037 959 2069 siser
975 2035 1058 2067 with
1075 2035 1133 2067 the
1150 2036 1301 2077 parenip.

207 2099 278 2146 478
