1486 2359
151 260 212 290 284

446 151 634 188 PLINY:
679 151 941 188 NATURAL
977 151 1212 189 HISTORY

295 254 416 290 Rudis
439 253 516 290 fuit
539 256 755 303 priscorum
779 256 863 290 vita
885 259 1008 304 atque
1031 256 1116 291 sine
1140 254 1304 299 litteris;
1340 268 1419 292 non

242 310 370 343 minus
388 313 526 343 tamen
547 309 793 356 ingeniosam
812 306 932 344 fuisse
951 310 991 344 in
1009 307 1083 344 illis
1102 308 1418 347 observationem

242 361 450 410 apparebit
479 373 599 410 quam
630 373 734 397 nunc
763 373 848 397 esse
877 363 1086 398 rationem.
1141 364 1219 398 tria
1246 375 1421 413 namque

241 422 424 464 tempora
439 413 632 450 fructibus
656 415 908 457 metuebam,
923 420 1087 464 propter
1109 415 1215 465 quod
1238 418 1419 454 institue—

241 474 332 504 runt
352 467 469 504 ferias
488 467 653 517 diesque
675 467 809 511 festos,
825 467 1046 518 Robigalia,
1059 468 1240 513 Floralia,
1252 468 1419 507 Vinalia.

242 521 449 571 Robigalia
479 520 611 557 Numa
639 523 845 558 constituit
875 533 978 558 anno
1006 525 1119 572 regni
1147 525 1206 559 sui
1235 534 1288 567 xi,
1316 535 1421 574 quae

243 588 345 612 nunc
369 580 542 624 aguntur
565 588 600 611 a.
624 574 663 611 d.
687 587 742 611 vu
765 575 844 611 kal.
872 574 984 617 Mai„
1007 578 1195 625 quoniam
1217 581 1314 614 tunc
1335 575 1420 614 fere

242 634 400 679 segetes
433 628 571 678 robigo
602 634 782 678 occupat.
838 627 911 665 hoc
942 635 1102 678 tempus
1134 628 1258 666 Varro
1288 629 1421 667 deter-

243 685 407 719 minavit
441 681 523 718 sole
554 685 657 718 tauri
690 688 848 732 partem
881 694 905 718 x
937 682 1160 727 obtinente,
1192 685 1293 720 sicut
1324 689 1421 721 tunc

242 735 399 773 ferebat
432 738 556 778 ratio;
602 735 672 772 sed
705 749 799 772 vera
829 749 949 773 causa
982 742 1042 773 est
1077 736 1182 787 quod
1215 743 1304 786 post
1336 737 1421 774 dies

242 789 515 839 undetriginta
528 789 542 812 ¹
557 789 607 825 ab
628 792 879 839 aequinoctio
892 803 1013 826 verno
1026 803 1098 839 per
1111 790 1150 827 id
1165 790 1420 840 quatriduum

242 846 348 879 varia
383 845 565 893 gentium
601 843 877 880 observatione
912 846 953 879 in
989 855 1027 879 1v
1062 843 1141 880 kal.
1181 844 1278 881 Mai.
1314 847 1421 882 canis

240 896 397 939 occidit,
418 896 523 933 sidus
546 902 587 933 et
609 909 680 946 pcr
700 909 742 933 se
764 895 978 933 vehemens
1001 902 1043 934 et
1063 900 1125 934 cui
1146 898 1423 947 praeoccidere

149 957 212 988 286
236 949 455 987 caniculam
479 962 640 987 necesse
664 953 727 987 sit.
782 953 919 1000 itaque
942 950 1063 988 iidem
1088 951 1256 988 Floralia
1280 963 1319 988 lv
1341 952 1420 989 kal.

242 1004 404 1040 easdem
446 1006 705 1041 instituerunt
745 1004 851 1041 urbis
891 1017 995 1041 anno
1035 1017 1127 1041 mnu
1167 1018 1217 1042 ex
1255 1005 1422 1042 oraculis

241 1057 430 1107 Sibyllae,
454 1063 499 1094 ut
524 1060 657 1094 omnia
683 1058 785 1094 bene
811 1057 1130 1095 deflorescerent.
1185 1057 1289 1096 hunc
1313 1059 1420 1096 diem

242 1111 366 1147 Varro
394 1112 638 1148 determinat
667 1111 749 1147 sole
777 1114 881 1148 tauri
910 1117 1066 1162 partem
1097 1124 1161 1148 xiv
1190 1113 1422 1150 obtinente:

242 1178 336 1215 ergo
374 1168 403 1202 si
442 1168 482 1201 in
520 1164 593 1202 hoc
627 1163 891 1215 quadriduum
929 1165 1110 1202 inciderit
1148 1165 1422 1215 plenilunium,

242 1218 376 1269 fruges
407 1225 450 1255 et
480 1222 613 1255 omnia
643 1232 746 1268 quae
777 1218 975 1256 florebunt
1005 1219 1109 1256 laedi
1141 1232 1300 1257 necesse
1332 1223 1420 1258 erit.

150 1300 166 1308 -
195 1281 210 1309 7
239 1272 393 1309 Vinalia
418 1275 560 1322 priora,
585 1285 689 1323 quae
713 1278 807 1309 ante
832 1272 903 1309 hos
926 1273 1010 1310 dies
1035 1278 1126 1309 sunt
1153 1285 1191 1310 lx
1214 1273 1294 1311 kal.
1322 1273 1420 1311 Mai.

241 1326 501 1376 degustandis
525 1329 622 1363 vinis
644 1329 844 1370 imtituta,
866 1325 962 1363 nihil
984 1326 1035 1363 ad
1057 1326 1208 1363 fructus
1231 1329 1421 1368 attinent.

242 1393 315 1417 nec
338 1393 441 1430 quae
465 1379 594 1417 adhuc
617 1380 787 1416 diximus
811 1380 862 1417 ad
886 1383 986 1417 vites
1009 1379 1211 1431 oleasque,
1233 1384 1420 1431 quoniam

242 1447 378 1470 earum
404 1440 619 1483 conceptus
646 1439 787 1470 exortu
813 1433 1065 1481 vergiliarum
1091 1436 1228 1484 incipit
1253 1448 1289 1471 a.
1315 1435 1354 1472 d.
1381 1447 1420 1472 νῐ

242 1487 293 1524 id
315 1488 427 1526 Mai..
445 1494 487 1524 ut
505 1487 722 1524 docuimus.
778 1487 885 1524 aliud
902 1487 974 1524 hoc
991 1487 1247 1538 quatriduum
1265 1495 1325 1526 est
1343 1501 1421 1539 quo

578 1581 589 1600 ¹
613 1581 817 1612 Pintianus:
844 1581 1068 1622 undeviginti.

283 1726 391 1757 ⁴¹The
423 1726 515 1759 MSS.
547 1727 624 1768 give
657 1726 663 1738 ¹
680 1727 912 1758 nineteenth.
893 1727 900 1738 ’
960 1727 1031 1758 The
1062 1727 1185 1759 idioma
1215 1727 1254 1759 of
1285 1727 1420 1760 Roman

238 1769 434 1801 arithmetic
472 1737 568 1801 andg
579 1769 786 1810 chronology
824 1770 892 1801 and
930 1770 988 1801 the
1027 1770 1173 1811 liability
1211 1770 1251 1802 of
1284 1770 1419 1802 Roman

238 1812 408 1843 numerals
426 1817 464 1844 to
483 1813 695 1854 miscopying
715 1813 835 1844 render
853 1813 912 1844 the
931 1814 1168 1845 transmission
1187 1813 1227 1845 of
1240 1824 1261 1845 a
1279 1823 1420 1856 passage

238 1856 277 1887 os
290 1856 358 1887 this
376 1856 458 1887 kind
476 1855 666 1896 extremely
683 1856 872 1887 uncertain.

285 1898 297 1918 δ
321 1899 367 1930 ΑΒ
385 1910 405 1930 a
424 1903 550 1930 matter
567 1899 606 1930 os
620 1898 691 1930 fact
708 1898 870 1930 Canicula
887 1903 956 1930 sets
974 1899 1063 1930 after
1080 1898 1191 1936 Canis,
1209 1898 1305 1931 nitho
1353 1899 1376 1931 h
1392 1900 1420 1931 it.

239 1942 319 1972 risea
348 1941 461 1973 before
488 1942 525 1979 it,
553 1952 590 1973 as
616 1942 661 1973 its
687 1941 798 1974 Greek
824 1952 926 1973 name
953 1941 1108 1983 Procyon
1135 1923 1278 1983 implies.
1346 1946 1361 1974 t
1391 1942 1419 1974 is

238 1984 384 2033 poesible
402 1984 559 2016 however
577 1983 655 2016 that
673 1984 732 2016 the
750 1984 852 2016 Latin
871 1995 988 2016 means
1007 1985 1145 2016 ‘before
1164 1984 1275 2017 whose
1293 1986 1419 2028 setting

239 2029 265 2058 it
282 2028 308 2057 is
325 2027 483 2059 essential
500 2032 538 2059 to
554 2028 704 2059 sacrifice
721 2038 741 2059 a
757 2038 906 2069 puppy.

239 2088 309 2136 368
