1486 2359
160 895 200 927 23

161 1347 202 1377 24

431 142 598 181 PLINY
613 157 622 182 ε
665 143 928 182 NATURAL
966 144 1203 183 HISTORY

229 254 289 284 est
312 253 353 284 et
375 249 481 284 inter
501 260 702 297 papavera
722 260 849 298 genus
872 247 1072 297 quoddam
1096 261 1174 298 quo
1196 248 1408 285 candorem

227 311 350 348 lintea
370 314 627 361 praecipuum
647 311 824 349 trahunt.

277 375 322 412 V.
353 375 614 426 Temptatum
628 382 689 413 est
701 379 830 427 tingui
848 376 970 413 linum
987 389 1160 426 quoque,
1175 383 1219 414 ut
1236 379 1406 414 vestium

227 443 420 477 insaniam
460 443 672 490 acciperet,
712 443 751 477 in
794 440 1010 478 Alexandri
1054 439 1194 491 Magni
1235 443 1407 490 primum

227 504 414 541 classibus
445 504 543 541 Indo
572 518 689 541 amne
717 508 955 555 navigantis,
983 518 1073 542 cum
1101 505 1222 542 duces
1251 508 1335 542 eius
1364 518 1409 542 ac

227 568 420 618 praefecti
452 572 670 606 certamine
704 569 877 619 quodam
911 572 1129 606 variassent
1163 576 1204 606 et
1238 572 1409 620 insignia

227 636 400 677 navium,
425 640 746 684 stupueruntque
777 633 891 671 litora
922 633 1018 671 flatu
1045 633 1293 671 versicoloria
1326 634 1407 684 pel-

227 697 347 735 lente.
405 698 492 735 velo
508 699 522 721 1
552 711 751 748 purpureo
772 698 822 735 ad
842 699 1004 735 Actium
1024 711 1114 735 cum
1146 697 1204 735 M.
1232 699 1408 736 Antonio

228 761 440 812 Cleopatra
468 765 578 799 venit
608 762 830 813 eodemque
861 761 975 813 fugit.
1032 761 1104 800 hoc
1134 762 1210 800 fuit
1239 765 1406 813 impera-

227 830 352 863 toriae
374 829 483 863 navis
503 829 656 877 insigne
675 826 848 877 postea.²

278 891 346 928 VI.
378 891 425 928 In
438 890 606 928 theatris
622 897 738 928 tenta
750 890 766 914 ³
782 891 963 928 umbram
978 891 1123 935 fecere,
1136 891 1242 941 quod
1262 893 1411 941 primus

227 958 403 993 omnium
440 958 593 993 invenit
625 955 673 1002 Q.
713 955 877 993 Catulus
906 969 997 992 cum
1026 955 1272 1006 Capitolium
1301 955 1410 993 dedi-

227 1026 349 1057 caret.
414 1021 619 1057 carbasina
657 1020 801 1057 deinde
846 1020 933 1057 vela
975 1023 1123 1070 primus
1168 1023 1206 1056 in
1250 1019 1410 1058 theatro

227 1084 386 1122 duxisse
429 1085 601 1122 traditur
645 1084 838 1122 Lentulus
882 1084 1070 1134 Spinther
1113 1084 1412 1134 Apollinaribus

228 1149 340 1186 ludis.
396 1163 487 1186 mox
513 1150 659 1186 Caesar
681 1149 854 1186 dictator
879 1156 1008 1186 totum
1034 1148 1163 1186 forum
1189 1149 1409 1187 Romanum

229 1217 373 1251 intexit
393 1217 576 1264 viamque
595 1227 746 1251 sacram
765 1215 815 1251 ab
834 1214 953 1251 domo
971 1227 1040 1251 sua
1061 1220 1101 1251 et
1119 1214 1263 1251 clivum
1285 1227 1410 1264 usque

230 1281 268 1315 in
299 1278 554 1328 Capitolium,
585 1278 691 1328 quod
722 1291 886 1315 munere
918 1281 1001 1328 ipso
1032 1278 1268 1329 gladiatorio
1299 1281 1412 1315 mira-

228 1343 343 1380 bilius
365 1346 489 1380 visum
510 1343 686 1380 tradunt.
742 1343 887 1380 deinde
905 1350 946 1380 et
967 1346 1050 1379 sine
1072 1342 1177 1380 ludis
1201 1342 1413 1380 Marcellus

229 1408 397 1444 Octavia
436 1410 607 1458 Augusti
647 1421 778 1444 sorore
817 1410 977 1458 genitus
1017 1410 1055 1444 in
1094 1407 1301 1444 aedilitate
1340 1421 1411 1444 sua

230 1472 411 1509 avunculi
433 1485 471 1509 xl
492 1472 703 1509 consulatu
729 1486 751 1508 a
776 1472 853 1508 kal.
886 1473 989 1522 Aug.
1013 1471 1108 1508 velis
1133 1471 1261 1509 forum
1287 1474 1410 1509 inum-

230 1537 372 1579 bravit,
397 1544 441 1574 ut
466 1537 659 1573 salubrius
686 1537 890 1587 litigantes
914 1539 1191 1581 consisterent,
1216 1542 1410 1586 quantum

230 1604 373 1638 mutati
395 1601 444 1637 a⁴
474 1602 647 1638 moribus
678 1602 838 1638 Catonis
866 1604 1030 1637 censorii
1058 1604 1123 1651 qui
1151 1601 1410 1638 sternendum

229 1679 387 1716 quoque
417 1665 544 1702 forum
576 1666 788 1702 muricibus
816 1666 1047 1702 censuerat!
1102 1665 1189 1702 vela
1216 1677 1343 1715 nuper
1369 1671 1410 1703 et

281 1747 292 1765 ²
317 1745 463 1787 pellente
482 1745 570 1777 vela.
591 1756 762 1786 purpureo
783 1746 944 1786 Jlayltoff.

279 1790 292 1851 ἶ
315 1794 439 1863 ἒὲιῗῖἒῗ
451 1789 825 1873 ’ἰὶΞῖαῇΖῇὴοῖἔέιὲἕέ
839 1787 1410 1873 ⁶332&ss‚‘.¹³⁰·sf¹‚{·055„‘5''²ss3'12-q-

236 1880 490 1959 tafftgffiffoff:
517 1919 661 1949 mutatis
679 1919 819 1955 (mutati
836 1918 883 1949 cd.
902 1918 981 1948 Par.
999 1917 1073 1948 Lat.
1090 1919 1202 1956 6795).

441 2027 456 2042 ⁶
480 2023 519 2054 In
538 2024 635 2055 order
652 2029 689 2054 to
706 2023 902 2065 discourage
919 2023 1075 2064 loitering
1091 2022 1196 2055 there.

229 2081 299 2115 434
