1486 2359
119 242 179 273 120

118 820 172 851 121

117 1542 177 1574 122

391 133 579 170 PLINY:
650 132 914 169 NATURAL
951 131 1186 169 HISTORY

206 242 396 287 exempta
408 237 544 273 cortici
557 234 719 272 tessella
732 247 754 270 a
767 233 894 271 latere
907 233 1062 272 calamo
1074 234 1286 285 adigendo.
1325 240 1388 273 tot

207 309 332 346 modis
353 311 513 345 insitam
529 307 711 344 arborem
727 306 895 344 vidimus
916 309 1029 344 iuxta
1048 307 1234 345 Tiburtes
1255 307 1387 345 tullios

207 384 312 419 omni
339 393 486 431 genere
513 393 721 430 pomorum
747 385 946 423 onustam,
967 379 1046 416 alio
1071 393 1182 416 ramo
1209 380 1387 424 nucibus,

206 454 283 491 alio
305 454 428 496 bacis,
449 452 608 489 aliunde
637 455 732 495 vite,
753 454 860 501 piris,
883 451 976 494 ficis,
998 452 1148 500 punicis
1174 451 1387 490 malorum-

207 540 284 577 que
307 525 544 576 generibus;
566 524 638 561 sed
657 523 746 561 huic
767 524 895 561 brevis
916 523 992 561 fuit
1013 526 1108 561 vita.
1157 538 1230 562 nec
1249 530 1388 562 tamen

206 601 338 636 omnia
372 599 656 647 experimentis
690 596 855 646 adsequi
884 599 924 633 in
952 602 1097 634 natura
1115 597 1130 620 ¹
1159 609 1389 647 possumus;

206 670 405 721 quaedam
429 672 535 706 enim
559 671 666 706 nasci
689 671 760 706 nisi
784 674 927 718 sponte
951 668 1057 706 nullo
1080 669 1198 706 modo
1221 675 1390 720 queunt,

206 756 333 793 eaque
356 741 559 779 inmitibus
581 747 742 778 tantum
766 747 807 778 et
829 741 998 779 desertis
1021 741 1114 779 locis
1136 745 1386 792 proveniunt.

203 817 461 865 capacissima
507 817 714 850 insitorum
760 816 937 850 omnium
983 814 1142 851 ducitur
1187 814 1389 864 platanus,

206 894 346 938 postea
388 887 519 930 robur,
562 899 698 923 verum
741 892 911 936 utraque
953 899 1114 936 sapores
1155 890 1386 938 corrumpit.

205 959 403 1010 quaedam
424 961 530 996 omni
550 972 699 1009 genere
719 961 960 1003 inseruntur,
975 965 1020 996 ut
1042 959 1150 1003 ficus,
1165 959 1386 1009 punicae²;

206 1035 294 1069 vitis
327 1044 405 1069 non
437 1034 578 1081 recipit
610 1031 841 1080 emplastra,
874 1044 947 1068 nec
979 1032 1121 1081 quibus
1152 1035 1284 1070 tenuis
1316 1038 1387 1070 aut

204 1105 375 1142 caducus
418 1106 663 1154 rimosusque
705 1110 858 1147 cortex,
901 1116 1031 1154 neque
1074 1104 1386 1143 inoculationem

205 1180 332 1214 siccae
387 1182 455 1213 aut
511 1179 655 1213 umoris
711 1178 857 1226 exigui.
912 1175 1155 1214 fertilissima
1208 1180 1386 1216 omnium

205 1249 432 1292 inoculatio,
452 1254 593 1298 postea
615 1248 905 1298 emplastratio,
925 1249 996 1286 sed
1017 1255 1187 1300 utraque
1208 1251 1387 1288 infirmis-

205 1325 326 1365 sima3
375 1327 417 1359 et
458 1334 561 1371 quae
600 1323 746 1358 cortice
786 1327 947 1358 tantum
988 1324 1170 1360 nituntur
1209 1322 1271 1360 vel
1310 1323 1386 1361 levi

206 1408 302 1431 aura
317 1396 496 1431 ocissime
516 1393 815 1443 deplantantur.
863 1396 1036 1431 inserere
1058 1394 1324 1433 firmissimum
1343 1402 1386 1434 et

205 1466 410 1504 fecundius
430 1479 550 1516 quam
569 1479 712 1503 serere.

254 1538 342 1575 Non
357 1544 417 1575 est
431 1538 654 1575 omittenda
668 1541 809 1576 raritas
823 1541 937 1575 unius
951 1539 1138 1590 exempli.
1195 1539 1384 1579 Corellius

206 1623 326 1661 eques
363 1610 562 1647 Romanus
598 1611 742 1647 Ateste
777 1613 937 1661 genitus
973 1614 1115 1649 insevit
1149 1619 1384 1652 castaneam

204 1688 359 1720 suomet
381 1685 505 1732 ipsam
527 1682 681 1720 surculo
702 1685 740 1719 in
763 1683 1030 1733 Neapolitano
1051 1696 1167 1734 agro;
1201 1688 1255 1721 sic
1275 1684 1383 1723 facta

206 1761 265 1792 est
285 1761 474 1792 castanea
491 1768 592 1805 quae
609 1755 659 1792 ab
675 1768 723 1792 eo
738 1769 883 1793 nomen
899 1758 1052 1806 accepit
1067 1759 1172 1794 inter
1186 1756 1380 1795 laudatas.

205 1833 344 1877 postea
371 1827 518 1864 Tereus
548 1827 725 1865 eiusdem
753 1827 918 1865 libertus
946 1827 1208 1866 Corellianam
1237 1832 1380 1868 iterum

452 1952 461 1969 ¹
488 1950 662 1991 Mayhoff:
688 1950 828 1992 adsequi
845 1954 1014 1983 naturam.

451 1996 462 2013 ²
485 1994 567 2025 Sic?
587 1994 762 2034 Mayhoff:
788 1999 827 2025 ut
844 1994 936 2031 ficus,
955 1998 994 2026 ut
1011 1995 1163 2036 punicae.
