1486 2359
95 377 155 409 170

97 935 150 966 171

96 1308 156 1340 172

394 145 584 184 PLINY:
626 145 890 184 NATURAL
926 145 1165 184 HISTORY

182 249 260 286 kal.
291 248 457 298 Apriles,
514 251 720 299 peragitur
747 254 884 285 autem
912 250 1049 285 messis
1076 261 1213 285 mense
1245 247 1368 292 Maio,

182 311 327 360 stipula
364 323 582 360 numquam
618 309 796 352 cubitali,
831 313 978 360 quippe
1013 309 1195 347 sabulum
1229 311 1368 348 subest

180 385 430 423 granumque
473 372 567 408 limo
609 377 769 409 tantum
811 375 1051 409 continetur.
1108 371 1367 410 excellentius

181 434 394 471 Thebaidis
446 436 596 484 regioni
643 433 905 476 frumentum,
949 435 1136 484 quoniam
1184 433 1368 483 palustris

183 498 407 546 Aegyptus.
462 495 598 532 similis
611 498 713 532 ratio
724 495 795 533 sed
806 494 976 533 felicitas
988 497 1113 532 maior
1124 494 1369 546 Babyloniae

183 557 403 598 Seleuciae,
450 556 658 607 Euphrate
704 563 829 608 atque
875 557 983 607 Tigri
1030 558 1369 607 restagnantibus,

183 622 371 670 quoniam
391 619 545 670 rigandi
564 619 706 657 modus
725 619 778 656 ibi
798 632 920 656 manu
939 625 1201 668 temperatur.
1256 619 1369 670 Syria

183 695 341 732 quoque
370 684 481 718 tenui
510 681 618 718 sulco
646 687 747 725 arat,
775 694 865 718 cum
894 680 1155 718 multifariam
1183 683 1224 718 in
1255 681 1370 718 Italia

182 746 314 780 octoni
335 743 454 780 boves
475 744 525 781 ad
546 743 719 794 singulos
740 756 919 780 vomeres
946 741 1148 780 anhelent.
1203 745 1243 780 in
1264 746 1370 780 omni

183 805 344 856 quidem
382 812 497 855 parte
532 805 726 848 culturae,
761 805 832 842 sed
867 807 907 842 in
942 803 1016 843 hac
1051 807 1228 842 maxime
1265 804 1370 843 valet

183 867 383 904 oraculum
404 867 521 904 illud:
555 867 562 879 ¹
586 867 680 917 quid
699 880 884 918 quaeque
903 869 1012 917 regio
1030 865 1236 917 patiatur!

234 929 423 966 XLVIII.
454 929 669 967 Vomerum
698 929 810 979 plura
838 942 1011 979 genera:
1052 928 1180 966 culter
1208 935 1371 967 vocatur

183 991 325 1028 infixus
346 1005 441 1040 prae
464 991 616 1028 dentali
634 991 647 1014 ¹
667 994 897 1041 prinsquam
926 990 1202 1040 proscindatur
1219 997 1368 1028 terram

183 1067 321 1090 secans
339 1053 562 1104 futurisque
580 1053 695 1089 sulcis
716 1055 883 1103 vestigia
902 1053 1174 1102 praescribens
1191 1055 1369 1090 incisuris

184 1128 282 1165 quas
304 1118 509 1164 resupinus
538 1118 576 1151 in
604 1115 753 1151 arando
781 1114 966 1151 mordeat
994 1127 1141 1151 vomer.
1197 1114 1367 1152 alterum

183 1191 309 1227 genus
339 1183 399 1214 est
428 1177 587 1228 volgare
615 1179 774 1213 rostrati
792 1177 807 1200 ²
836 1179 971 1214 vectis.
1027 1179 1192 1213 tertium
1221 1178 1261 1213 in
1287 1176 1370 1214 solo

184 1238 287 1276 facili
311 1253 388 1275 non
411 1245 498 1276 toto
520 1245 747 1289 porrectum
770 1238 922 1276 dentali
946 1238 1017 1276 sed
1039 1240 1185 1290 exigua
1206 1238 1369 1289 cuspide

183 1307 220 1340 in
254 1310 392 1340 rostro.
447 1304 564 1340 latior
595 1303 694 1341 haec
727 1310 870 1353 quarto
902 1305 1040 1353 generi
1073 1309 1115 1340 et
1147 1305 1300 1340 acutior
1330 1306 1369 1340 in

184 1381 412 1405 mucronem
433 1368 626 1419 fastigata
645 1367 869 1418 eodemque
889 1367 1022 1418 gladio
1041 1367 1224 1405 scindens
1243 1367 1368 1405 solum

185 1438 225 1470 et
240 1435 323 1469 acie
336 1433 507 1469 laterum
522 1433 674 1470 radices
688 1431 902 1469 herbarum
916 1445 1066 1469 secans.
1123 1445 1200 1469 non
1214 1431 1367 1482 pridem

185 1499 390 1534 inventum
424 1499 463 1534 in
497 1497 639 1534 Raetia
673 1496 828 1534 Galliae
862 1502 906 1534 ut
939 1496 1037 1534 duas
1071 1496 1266 1534 adderent
1299 1496 1368 1534 tali

185 1561 346 1601 rotulas.
395 1562 501 1612 quod
548 1575 674 1612 genus
724 1568 865 1598 vocant
913 1561 1176 1611 plaumorati3
1238 1564 1368 1612 cuspis

96 1630 157 1662 173
181 1627 353 1675 effigiem
370 1626 485 1675 palae
503 1625 638 1663 habet.
693 1632 829 1663 serunt
847 1629 902 1662 ita
920 1639 998 1663 non
1015 1628 1087 1663 nisi
1103 1625 1212 1663 culta
1231 1625 1367 1664 terra⁸

184 1696 227 1727 et
261 1690 343 1727 fere
378 1690 528 1729 nova⁴2
567 1690 739 1727 latitudo
779 1693 946 1727 vomeris
984 1693 1182 1740 caespites
1223 1697 1367 1734 versat,

236 1793 246 1812 ¹
272 1794 395 1826 infixus
424 1806 503 1836 prae
531 1795 685 1826 dentali?
715 1795 890 1835 Mayhoff:
928 1794 1043 1826 infelix
1072 1794 1230 1834 (inflexus
1256 1793 1366 1836 Siuiq)

189 1838 423 1879 praedensam.

233 1879 247 1900 ²
271 1881 445 1913 Gelenius:
477 1884 662 1912 rostratum
682 1881 730 1912 uti
746 1884 803 1911 aut
820 1884 928 1911 rostra
946 1881 1007 1911 uti.

235 1926 247 1943 ³
271 1924 420 1955 cultram
444 1923 490 1955 vel
517 1924 626 1955 cultro
654 1928 751 1955 arata
778 1927 803 1954 t.
828 1923 963 1955 Strark:
1000 1922 1129 1954 inculta
1146 1927 1172 1954 t.
1196 1922 1364 1955 Probeen:

183 1967 330 1998 cultntra
347 1972 405 1998 aut
421 1966 636 1998 cultratatra.

233 2012 245 2029 ⁴
271 2010 410 2042 novali?
431 2010 591 2050 Mayhoff.

184 2072 254 2118 296
