1486 2359
355 133 543 171 PLINY:
586 134 848 172 NATURAL
884 133 1121 171 HISTORY

197 243 404 273 ventorum
424 240 560 287 quiete
579 236 762 274 molliunt
780 236 947 274 caelum.
992 237 1064 274 sed
1081 243 1124 274 et
1142 239 1181 274 in
1200 236 1259 274 his
1277 242 1319 274 et
1338 239 1377 274 in

197 302 279 337 aliis
321 302 503 338 omnibus
546 315 594 337 ex
637 307 783 338 eventu
825 301 1158 351 significationum
1200 300 1377 351 intellegi

197 366 324 402 sidera
367 365 588 409 debebunt,
631 379 707 402 non
751 366 802 402 ad
843 365 927 402 dics
971 368 1108 416 utique
1149 365 1378 415 praefinitos

198 433 399 479 expectari
419 435 709 480 tempestatum
732 430 968 467 vadimonia.

109 500 170 530 232
251 493 400 530 LXIII.
431 493 507 531 Per
535 494 717 531 brumam
749 497 870 531 vitem
908 507 958 531 ne
987 493 1117 532 colito.
1173 498 1262 532 vina
1291 501 1378 532 tum

197 558 395 595 defaecari
411 559 471 595 vel
488 561 608 595 etiam
625 557 788 596 diffundi
805 559 988 610 Hyginus
1003 559 1145 596 suadet
1161 572 1183 595 a
1197 559 1380 597 confecta

141 636 144 640 ·
197 636 244 659 ea
279 625 450 672 septimo
485 623 563 666 die,
592 626 732 674 utique
767 626 797 660 si
834 626 1005 673 septima
1039 623 1133 660 luna
1167 630 1380 674 conpetat;

197 700 332 724 cerasa
375 690 476 723 circa
520 688 701 725 brumam
747 690 834 725 seri.
890 688 1018 725 bubus
1061 687 1248 739 glandem
1292 695 1378 726 tum

198 751 381 801 adspergi
414 755 599 789 convenit
632 755 670 789 in
704 755 798 803 iuga
829 752 985 803 singula
1016 752 1190 790 modios:
1236 753 1381 804 largior

200 816 472 852 valetudinem
493 815 681 860 infestam
715 823 756 854 et
778 830 1030 867 quocumque
1048 823 1230 867 tempore
1248 818 1380 862 detur,

197 883 227 917 si
251 883 378 917 minus
400 893 473 917 xxx
494 881 634 918 dicbus
656 884 851 918 continuis
873 881 971 918 data
991 884 1056 926 sit,
1077 888 1239 918 narrant
1261 895 1381 920 verna

198 945 329 981 scabie
354 946 591 994 poenitere.¹
647 949 841 983 materiae
866 945 1097 983 caedendae
1122 953 1282 997 tempus
1309 945 1381 985 hoc

197 1009 400 1052 dvdimuQ
456 1010 604 1060 reliqua
645 1023 765 1060 opera
805 1016 999 1047 nocturna
1037 1014 1210 1049 maxime
1250 1011 1380 1063 vigilia

109 1079 170 1110 233
196 1080 395 1116 constent,
427 1088 515 1111 cum
549 1077 626 1111 sint
659 1081 796 1112 noctes
827 1081 943 1112 tanto
974 1075 1198 1125 ampliores,
1229 1076 1381 1127 qualos,

197 1145 341 1181 crates,
372 1138 525 1176 fiscinas
558 1145 711 1183 texere,
739 1139 846 1177 faces
880 1140 1068 1184 incidere,
1097 1141 1236 1178 ridicas
1269 1154 1381 1191 prae-

199 1216 337 1252 parare
378 1203 549 1240 interdiu
589 1216 677 1247 xxx,
715 1204 825 1254 palos
865 1217 910 1241 Lx
949 1211 991 1242 et
1030 1207 1068 1242 in
1108 1205 1380 1244 lucubratione

199 1270 424 1316 vespertina
446 1268 586 1305 ridicas
607 1281 643 1311 v,
663 1268 773 1318 palos
794 1281 831 1312 x,
850 1269 1022 1306 totidem
1044 1269 1283 1307 antelucana
1294 1270 1321 1307 ².

108 1337 169 1366 234
249 1331 391 1368 LXIV.
422 1333 457 1368 A
475 1332 617 1369 bruma
636 1335 673 1370 in
692 1332 893 1370 favonium
912 1333 1071 1371 Caesari
1090 1334 1234 1371 nobilia
1252 1335 1380 1373 sidera

198 1397 435 1445 significant,
458 1409 502 1433 111
525 1397 603 1434 kal.
627 1397 711 1434 Ian.
734 1401 936 1435 mututino
956 1401 1064 1436 canis
1084 1399 1280 1444 occidens,
1301 1413 1380 1450 quo

197 1460 262 1498 die
300 1462 461 1498 Atticae
499 1467 541 1498 et
580 1462 756 1499 finitimis
795 1463 1020 1514 regionibus
1058 1464 1189 1514 aquila
1227 1467 1379 1514 vesperi

197 1525 375 1562 occidere
409 1526 602 1569 traditum
650 1527 775 1576 pridie
814 1541 937 1564 nonas
977 1527 1062 1565 Ian.
1100 1528 1259 1565 Caesari
1298 1529 1380 1566 del-

198 1589 339 1638 phinus
361 1593 561 1627 matutino
584 1593 760 1628 exoritur
781 1598 822 1628 ct
845 1598 1003 1642 postero
1024 1593 1087 1630 die
1110 1592 1280 1638 fidicula,
1301 1607 1379 1645 quo

447 1701 457 1720 ¹
483 1702 706 1733 Mendaeum?
728 1703 889 1743 Mayhoff.

443 1745 455 1763 ²
479 1745 678 1776 Caemrius:
705 1746 909 1777 antelucano
925 1751 982 1778 aut
1001 1756 1128 1778 -anum.

240 1920 253 1934 ⁰
278 1916 394 1948 Hence
422 1917 480 1949 the
509 1917 630 1958 phrase
659 1918 666 1930 ⁴
683 1917 829 1959 halcyon
853 1918 970 1960 days'.
1018 1918 1099 1950 This
1123 1919 1198 1950 bird
1227 1930 1294 1951 was
1322 1919 1376 1952 be·

194 1959 302 2033 nielli?
323 1964 359 1990 to
380 1960 435 2001 lay
455 1962 498 1993 its
518 1971 596 2002 egge
615 1960 683 1992 and
704 1961 808 1994 hatch
828 1961 922 1994 them
943 1962 1085 2003 floating
1103 1971 1148 1994 on
1167 1961 1226 1994 the
1245 1962 1377 1995 surface

193 2012 213 2032 o
288 2013 305 2033 e
323 2013 391 2035 sea.

195 2063 266 2111 336
