1486 2359
142 770 183 798 Tu

418 149 608 187 I'LINY:
652 150 914 187 NATURAL
952 151 987 186 H
996 150 1188 189 ISTORY

213 269 360 305 fimum.
406 275 592 306 seruntur
615 270 732 306 ambo
755 272 906 306 semine
929 272 968 306 in
992 275 1101 306 terra
1124 270 1392 320 sesquipedali

211 330 374 374 sos-sura,
403 333 506 367 inter
544 333 842 382 aequinoctium
876 344 1041 368 vernum
1081 337 1124 368 et
1162 332 1395 375 solstitium,

213 392 401 429 Parilibus
439 399 576 430 tamen
614 396 829 443 aptissime.
884 393 1004 444 aliqui
1039 393 1192 430 malunt
1226 407 1275 430 ex
1309 393 1392 430 kal.

215 455 335 491 Mart.
365 456 590 492 cucurbitas
624 462 665 492 et
705 458 815 492 nonis
853 468 1039 493 eucumes
1078 461 1121 492 et
1159 469 1231 506 per
1270 455 1394 502 Quin-

211 523 374 566 quatrus
421 530 567 561 serere,
605 517 719 554 simili
763 517 881 555 modo
923 517 1175 567 reptantibus
1226 517 1393 567 flagellis

210 579 446 615 scandentes
484 592 555 628 per
592 582 791 629 parietum
826 592 965 629 aspera
1004 581 1043 615 in
1075 585 1230 616 tectum
1269 592 1394 629 usque

212 646 350 676 natura
399 641 653 678 sublimitatis
696 641 824 677 avida.
891 643 991 678 vires
1031 643 1115 677 sine
1154 641 1394 678 adminiculo

208 702 338 738 standi
360 716 437 738 non
458 708 564 745 sunt,
578 702 766 739 velocitas
787 705 940 752 pernix,
957 702 1031 739 levi
1054 702 1193 739 umbra
1212 715 1394 740 camaras

209 777 254 800 ac
274 764 459 813 pergulas
479 767 673 814 operiens.
731 764 821 801 inde
849 763 947 802 haec
976 766 1102 814 prima
1130 764 1209 801 duo
1229 777 1393 815 genera,

208 829 469 863 camararium
509 832 549 863 et
585 826 786 876 plebeium
827 826 934 876 quod
971 825 1079 863 humi
1114 826 1311 869 crescit¹;
1353 828 1392 863 in

208 890 336 936 priore
356 891 453 925 mire
475 891 586 925 tenui
607 888 789 938 pediculo
809 888 977 925 libratur
1001 888 1155 937 pondus
1183 887 1387 925 immobile

209 963 341 986 aurae.
405 951 610 987 cucurbita
647 963 805 1000 quoque
844 953 949 986 omni
989 949 1107 987 modo
1143 949 1386 1000 fastigiatur,

209 1014 358 1059 vag-inis
385 1015 558 1049 maxime
585 1012 772 1054 vitilibus,
789 1011 1004 1048 contecta²
1024 1014 1063 1047 in
1084 1024 1151 1048 eas
1172 1017 1386 1062 postquam

208 1073 406 1117 defloruit,
425 1076 646 1124 crescitque
676 1087 754 1124 qua
782 1076 937 1123 cogitur
962 1073 1103 1116 forma,
1122 1073 1390 1124 plerumque³

207 1135 386 1172 draconis
416 1138 552 1172 intorti
587 1136 724 1185 figura.
779 1135 966 1172 libertate
1000 1148 1091 1172 vero
1123 1134 1269 1185 pensili
1302 1148 1392 1172 con-

207 1210 316 1233 cessa
329 1199 408 1234 iam
423 1200 503 1234 visa
519 1204 578 1234 est
597 1210 633 1234 ix
647 1197 795 1247 pedum
809 1196 1077 1247 longitudinis.
1115 1196 1386 1247 particulatim

207 1262 381 1295 cucumis
411 1259 539 1302 floret,
559 1259 632 1295 sibi
663 1262 745 1309 ipse
774 1258 1119 1308 superflorescens,
1140 1265 1182 1296 et
1207 1261 1387 1297 sicciores

208 1320 311 1357 locos
340 1324 506 1370 patitur,
529 1321 701 1358 candida
728 1321 918 1371 lanugine
945 1320 1156 1364 obductus,
1181 1323 1387 1371 magisque

208 1382 302 1419 dum
322 1386 474 1419 crescit.

259 1444 562 1481 Cucurbitarum
585 1447 828 1481 numerosior
848 1457 954 1487 usus,
975 1450 1017 1481 et
1037 1447 1186 1494 primus
1206 1444 1330 1482 caulis
1351 1447 1389 1481 in

207 1506 308 1548 cibo,
329 1512 451 1557 atque
473 1519 522 1543 ex
544 1519 591 1543 eo
612 1509 650 1542 in
671 1512 802 1543 totum
823 1512 967 1543 natura
988 1505 1164 1543 diversa:
1201 1519 1327 1555 nuper
1346 1508 1384 1542 in

207 1567 437 1605 balnearum
459 1582 571 1605 usum
591 1581 734 1605 venere
755 1567 1000 1605 urceolorum
1019 1569 1116 1611 vice,
1134 1569 1214 1605 iam
1232 1567 1385 1618 pridem

209 1642 300 1666 vero
319 1633 440 1667 etiam
459 1630 647 1667 cadorum
666 1629 717 1666 ad
737 1631 826 1666 vina
843 1629 1065 1667 condenda.
1119 1635 1257 1667 cortex
1277 1629 1387 1667 vdirii

327 1732 337 1750 ¹
364 1731 538 1772 Mayhoff:
565 1731 673 1762 crevit
689 1730 736 1761 cd.
761 1730 834 1761 ῐάι.
852 1730 925 1761 Lat.
942 1731 1024 1762 3861
1043 1740 1050 1759 :
1075 1730 1166 1762 oredi
1181 1729 1250 1762 rell.

323 1775 336 1794 ²
359 1774 524 1805 Rari-ham
541 1786 549 1805 :
576 1778 739 1805 contexta
755 1778 812 1805 aut
828 1774 992 1805 coniecta.

322 1818 335 1836 ⁸
361 1818 535 1858 Mayhoff:
561 1818 760 1858 plerumque
777 1821 823 1848 et.

252 1946 266 1960 ⁰
291 1942 318 1972 Α
338 1941 472 1973 festival
491 1941 568 1973 held
587 1952 630 1973 on
649 1941 744 1984 April
763 1941 801 1972 21
822 1941 855 1973 in
875 1941 1079 1973 celebration
1098 1941 1138 1973 of
1149 1941 1209 1974 the
1226 1940 1390 1984 founding

206 1984 403 2059 thnfiffidh
428 2029 542 2060 19-23.

219 2090 289 2133 406
