1486 2359
163 258 201 289 12

162 581 200 611 13

164 1032 199 1060 14

163 1548 200 1578 15

435 149 624 187 PLINY:
668 148 932 186 NATURAL
968 148 1206 186 HISTORY

228 256 421 289 mirentur
452 251 524 289 hoc
556 255 787 302 ignorantes
818 255 858 288 in
890 253 1043 302 Agypti
1075 251 1277 302 quondam
1309 255 1412 304 regis

228 330 347 367 quem
376 317 554 354 Amasim
583 322 726 354 vocant
755 315 918 353 thorace
947 318 987 352 in
1015 314 1258 353 Rhodiorum
1286 317 1413 354 insula

229 381 343 418 Lindi
378 384 417 418 in
451 381 602 430 templo
639 380 848 417 Minervae
880 392 1018 416 eccm
1053 379 1124 417 filis
1159 380 1315 431 singula
1348 380 1413 418 fila

226 452 423 489 constare,
469 445 575 496 quod
619 458 661 482 se
708 451 921 494 expertum
966 447 1194 494 nuperrime
1239 445 1413 495 prodidit

229 510 439 547 Mucianus
481 517 543 547 ter
582 523 676 553 cos.‚
717 522 940 559 parvasque
980 511 1060 546 iam
1102 508 1287 559 reliquias
1329 513 1412 547 eius

227 587 434 624 superesse
487 573 560 611 hoc
577 574 592 597 ¹
646 576 939 624 experientium
992 575 1145 610 iniuria.
1202 573 1318 611 Italia
1371 581 1412 612 et

228 638 424 689 Paelignis
440 641 661 676 etiamnum
675 638 763 675 linis
777 637 968 675 honorem
982 637 1121 682 habet,
1134 637 1205 675 sed
1219 638 1411 676 fullonum

227 710 386 741 tantum
402 706 442 740 in
459 717 530 740 usu
545 716 553 746 ;
585 703 736 740 nullum
753 708 813 740 est
829 702 1036 740 candidius
1051 702 1219 740 lanaeve
1236 702 1412 747 similius,

226 772 325 805 sicut
343 771 382 805 in
397 767 548 805 culcitis
569 770 824 818 praecipuam
839 767 1006 817 gloriam
1022 766 1190 804 Cadurci
1205 767 1389 805 obtinent
1404 781 1412 804 :

227 832 445 869 Galliarum
466 831 539 869 hoc
560 838 602 869 et
621 838 805 869 tomenta
826 834 976 881 pariter
994 834 1214 868 inventum.
1270 831 1412 870 Italiae

226 897 388 948 quidem
417 910 500 934 mos
527 900 650 934 etiarn
677 909 781 933 nunc
807 896 925 933 durat
951 899 991 933 in
1017 895 1287 946 appellatione
1313 902 1411 933 stra·

226 964 363 998 menti.
413 962 617 1012 Aegyptio
638 961 717 998 lino
738 963 945 997 minimum
967 960 1179 1004 firmitatis,
1198 960 1411 1010 plurimum

226 1025 334 1063 lucri.
389 1032 581 1076 quattuor
603 1026 656 1063 ibi
678 1039 850 1076 genera:
886 1025 1125 1069 Taniticum,
1149 1024 1412 1070 Pelusiacum,

226 1091 425 1134 Buticum‚
440 1091 734 1141 Tentyriticum
751 1093 958 1140 regionum
974 1089 1198 1126 nominibus
1214 1092 1254 1126 in
1269 1090 1411 1140 quibus

227 1162 454 1192 nascuntur.
509 1158 688 1205 superior
714 1168 805 1204 pars
834 1155 1013 1204 Aegypti
1041 1156 1082 1190 in
1109 1154 1299 1191 Arabiam
1327 1167 1412 1192 ver-

226 1233 323 1270 gens
349 1222 479 1270 gignit
507 1219 690 1256 fruticem
719 1232 839 1269 quem
867 1219 987 1268 aliqui
1014 1221 1228 1269 gossypion
1254 1225 1411 1263 vocant,

226 1284 356 1334 plures
379 1284 498 1334 xylon
525 1290 566 1321 et
593 1284 683 1321 ideo
709 1283 788 1320 lina
814 1283 906 1320 inde
930 1283 1037 1320 facto
1066 1282 1212 1332 xylina.
1268 1296 1410 1333 parvus

226 1355 286 1386 est
313 1349 561 1399 similemque
588 1348 784 1385 barbatae
810 1351 919 1385 nucis
945 1347 1118 1384 fructum
1144 1346 1275 1385 defert
1300 1351 1409 1385 cuius

226 1426 275 1450 ex
305 1416 491 1451 interiore
521 1413 716 1463 bombyce
746 1413 893 1463 lanugo
922 1418 1052 1449 netur.
1107 1425 1180 1450 nec
1209 1411 1288 1449 ulla
1317 1419 1408 1450 sunt

225 1491 314 1515 cum
337 1478 509 1515 candore
532 1477 710 1515 molliora
733 1480 959 1527 pexiorave.
1014 1482 1145 1514 vestes
1168 1476 1262 1513 inde
1283 1489 1410 1514 saeer-

226 1542 386 1579 dotibus
409 1544 586 1593 Aegypti
609 1545 885 1592 gratissumae.
941 1547 1128 1592 quartum
1149 1554 1276 1592 genus
1297 1540 1410 1579 otho-

226 1609 361 1643 ninum
401 1607 628 1657 appcllant3
681 1607 725 1643 fit
764 1620 785 1643 e
823 1605 989 1656 palustri
1028 1605 1136 1642 velut
1173 1604 1409 1650 harundine,

225 1671 437 1708 dumtaxat
458 1671 641 1721 panicula
662 1674 757 1708 cius.
813 1672 908 1707 Asia
928 1684 949 1708 e
969 1673 1126 1721 genista
1145 1669 1241 1707 facit
1259 1669 1339 1707 lina
1360 1668 1411 1706 ad

227 1739 326 1773 retia
354 1739 565 1785 praecipue
594 1739 632 1773 in
661 1735 850 1784 piscando
876 1735 1077 1778 durantia,
1104 1733 1246 1772 frutice
1273 1734 1407 1772 made-

608 1830 617 1848 ¹
643 1829 731 1861 hoc?
752 1829 926 1870 Mayhoff:
953 1829 1026 1861 hac.

252 1981 291 2051 bt?
305 1977 538 2050 ¹Stramentum,
560 1982 662 2007 straw
682 1980 805 2007 strewn
827 1980 864 2006 to
884 1975 974 2016 sleep
995 1985 1060 2006 on:
1095 1974 1136 2016 cs.
1157 1985 1219 2006 our
1239 1973 1403 2015 paillaaoe,

228 2023 235 2031 ⁸
293 2031 303 2050 r.
333 2021 371 2051 of
385 2026 486 2051 straw
503 2020 521 2051 ’.

223 2083 293 2127 428
