1486 2359
136 398 178 428 4⁴

139 1171 181 1201 45

141 1556 183 1586 46

141 1622 182 1651 47

407 159 597 197 PLINY:
648 159 913 198 NATURAL
950 159 1183 198 HISTORY

205 269 247 300 et
268 262 359 300 ideo
381 265 549 299 maiores
570 261 856 299 fertilissimum
879 264 919 299 in
941 275 1037 313 agro
1058 262 1215 300 oculum
1237 262 1384 300 domini

204 340 289 364 esae
307 327 508 364 dixerunt.

258 391 424 441 Reliqua
471 396 690 441 praecepta
737 391 957 428 reddentur
1003 393 1081 428 suis
1128 391 1235 434 locis,
1282 403 1387 441 quae

205 458 362 506 propria
397 469 590 505 generum
625 455 869 505 Singulorum
905 461 1034 492 erunt.
1090 457 1249 493 interim
1282 469 1386 493 com-

205 523 340 557 munia
364 533 468 570 quae
492 525 727 557 succurrunt
750 533 829 557 non
853 522 1100 564 omittemus,
1123 526 1165 557 et
1189 522 1229 556 in
1252 522 1386 570 primis

206 585 368 622 Catonis
399 583 727 621 humanissimum
752 584 1098 634 utilissimumque,
1126 584 1166 622 id
1186 583 1387 635 agendum

207 655 250 686 ut
284 648 452 699 diligant
485 649 558 686 tel
592 650 730 691 vicini;
772 662 911 686 causas
945 648 1076 686 reddit
1109 648 1187 692 ille,
1218 661 1288 686 nos
1321 661 1388 686 ex-

206 716 426 750 istimamus
473 712 568 750 nulli
615 726 701 750 esse
747 712 900 750 dubias.
966 715 1071 750 inter
1113 715 1240 763 prima
1282 713 1388 751 idem

205 784 321 814 cavet
341 791 391 814 ne
417 777 592 814 familiae
613 777 717 815 male
738 780 801 814 sit.
857 776 952 814 nihil
979 791 1066 815 sero
1093 776 1322 815 faciendum
1349 779 1387 815 in

207 842 447 892 agricultura
476 855 613 879 omnes
641 848 821 885 cement,
850 844 1076 892 iterumque
1105 855 1176 879 suo
1204 855 1389 892 quaeque

207 914 388 956 tempore
415 905 615 950 facienda,
643 912 685 943 et
713 909 834 943 tertio
863 912 1080 956 praecepto
1109 909 1389 956 praetermissa

207 971 352 1008 frustra
377 973 564 1008 revocari.
619 971 669 1008 de
693 977 800 1008 terra
825 973 975 1007 cariosa
1001 973 1203 1008 execratio
1227 970 1389 1008 Catonis

208 1035 367 1073 abunde
392 1035 567 1073 indicata
583 1041 658 1079 est,
684 1048 926 1086 quamquam
953 1035 1183 1085 praedicere
1208 1048 1287 1072 non
1308 1048 1390 1072 ces-

207 1103 354 1137 santis:
396 1099 589 1150 quidquid
628 1113 700 1149 per
736 1099 901 1137 asellum
932 1099 1015 1137 fieri
1042 1105 1178 1150 potest
1207 1099 1391 1138 vilissime

207 1171 403 1202 constare.
471 1164 552 1201 filix
590 1165 750 1201 biennio
789 1167 954 1201 moritur
991 1167 1023 1201 si
1055 1163 1238 1202 frondem
1270 1177 1390 1215 agere

209 1243 287 1266 non
304 1231 490 1279 patiaris3
521 1229 561 1266 id
577 1230 844 1266 efficacissime
861 1231 1056 1279 contingit
1075 1229 1391 1279 germinantibus

209 1296 326 1331 ramis
355 1293 496 1331 baculo
525 1293 713 1337 decussis,
741 1307 856 1330 sucus
886 1296 990 1330 enim
1021 1306 1070 1330 ex
1098 1295 1184 1344 ipsa
1211 1293 1391 1331 defluens

211 1364 327 1395 necat
350 1358 515 1396 radices.
571 1361 682 1395 aiunt
709 1364 748 1395 et
773 1360 876 1395 circa
899 1357 1113 1395 solstitium
1137 1357 1289 1395 avolsas
1313 1370 1390 1395 non

209 1425 360 1460 renasci
394 1435 467 1460 nec
500 1422 721 1460 harundine
756 1429 885 1460 sectas
919 1428 989 1459 aut
1023 1428 1209 1460 exaratas
1243 1424 1390 1460 vomeri

211 1487 431 1525 harundine
452 1490 636 1537 inposita.
691 1487 871 1524 similiter
891 1492 933 1523 et
954 1485 1216 1524 harundinem
1238 1489 1391 1524 exarari

210 1551 311 1588 filice
352 1554 501 1588 vomeri
542 1554 713 1602 inposita
755 1554 1018 1600 praecipiunt.
1073 1554 1255 1588 iuncosus
1297 1564 1393 1602 ager

210 1619 310 1653 verti
329 1615 420 1666 pala
439 1616 577 1660 debet,
596 1622 691 1653 ante
711 1615 902 1652 infractus
922 1615 1164 1653 bidentibus,
1218 1615 1391 1653 frutecta

210 1683 291 1731 igni
341 1683 493 1731 optime
541 1680 748 1718 tolluntur.
804 1680 1039 1717 umidiorem
1090 1693 1230 1730 agrum
1280 1679 1391 1717 fossis

570 1777 581 1796 ¹
605 1781 640 1809 te
661 1776 813 1809 Urlichs:
838 1781 1024 1808 seaulom.

215 1874 274 1877 --*
285 1871 1026 1878 —-—-————-———r
1045 1873 1082 1875 --ι
1096 1872 1148 1875 Δ*
1169 1872 1199 1875 —

254 1945 269 1959 ⁶
293 1940 376 1972 ΚΒ.
393 1939 453 1971 IV.
500 1939 627 1972 Vicinis
643 1939 752 1971 bonus
768 1942 843 1970 esto
868 1964 875 1970 .
901 1963 908 1970 .
935 1964 942 1970 .
968 1939 995 1969 si
1016 1942 1051 1969 te
1072 1937 1216 1970 libenter
1236 1938 1393 1970 vicinitas

211 1983 354 2019 videbit,
371 1983 504 2015 facilius
519 1986 582 2015 tun.
597 1982 737 2014 vendes.

254 2026 266 2045 ⁶
290 2026 373 2058 RB.
392 2025 431 2058 V.
450 2028 479 2059 2.

210 2088 279 2123 218
