1486 2359
133 687 194 718 250

132 1246 196 1277 260

133 1665 189 1695 261

432 162 597 198 PLINY
613 175 621 198 :
665 160 929 198 NATURAL
964 159 1201 199 HISTORY

222 266 310 303 dici.
367 265 532 315 relinqui
566 265 717 302 debent
752 268 791 302 in
823 265 931 302 laeto
963 265 1046 302 solo
1080 265 1141 302 vel
1175 265 1310 303 umido
1343 265 1404 303 vel

224 339 349 385 riguo,
365 348 492 384 eaque
509 348 612 384 aqua
627 334 759 384 pluvia
775 337 892 385 rigari
908 340 977 371 aut
995 334 1008 357 ¹
1023 334 1193 384 publica.
1249 334 1403 372 utilissi-

223 419 347 447 mum,
377 407 408 440 si
439 404 568 441 malae
599 403 761 447 herbae,
790 417 916 448 arare,
945 403 1039 441 dein
1067 406 1225 449 cratire,
1253 403 1406 449 sarire,²

225 474 361 510 florem
379 487 428 511 ex
445 473 630 510 fenilibus
647 479 772 523 atque
788 486 810 510 e
826 473 1084 523 praesepibus
1099 472 1194 511 feno
1209 473 1406 524 dilapsum

222 556 409 593 spargere
457 546 686 593 priusquam
733 545 967 587 cratiantur,
1007 555 1080 580 nec
1126 545 1254 593 primo
1300 556 1405 581 anno

224 616 354 663 rigari,
384 626 455 649 nec
485 615 589 662 pasci
620 618 715 649 ante
743 612 918 650 secunda
946 611 1149 657 fenisecia,
1178 625 1228 650 ne
1256 611 1405 652 herbae

223 682 420 719 vellantur
457 683 690 732 obtrituque
728 681 983 720 hebetentur.
1039 688 1252 720 senescunt
1289 689 1406 733 prata

222 755 459 802 restituique
479 752 630 789 debent
650 751 744 788 faba
764 754 803 788 in
825 754 869 788 iis
889 758 978 789 sata
999 751 1060 789 vel
1079 755 1182 802 rapis
1202 752 1266 790 vel
1284 753 1406 798 milio,

222 836 314 859 mox
343 825 579 872 insequente
607 835 711 858 anno
737 821 954 865 frumento,
981 835 1192 872 rursusque
1219 823 1406 861 inarata³

221 895 344 929 tertio
370 892 551 942 relinqui,
577 898 788 941 praeterea
814 894 998 942 quotiens
1023 898 1134 930 secta
1159 895 1238 930 sint
1261 892 1405 938 siciliri,

223 961 295 999 hoc
315 968 375 999 est
394 975 497 1012 quae
516 961 708 999 feniseces
726 964 1022 1012 praeterierunt
1039 965 1186 1006 secari3
1219 968 1281 1000 est
1298 965 1403 1000 enim

223 1035 262 1068 in
284 1035 418 1081 primis
440 1032 579 1068 inutile
603 1033 734 1069 enasci
755 1030 899 1069 herbas
920 1037 1227 1070 sementaturas.
1282 1031 1406 1070 herba

222 1105 374 1151 optima
406 1105 444 1138 in
474 1109 589 1151 prato
616 1101 765 1145 trifolii,
793 1104 972 1151 proxima
1002 1105 1206 1152 graminis,
1235 1105 1405 1152 pessima

224 1172 417 1208 nummuli
451 1172 632 1221 siliquam
668 1175 790 1208 etiam
825 1172 951 1208 diram
986 1171 1173 1216 ferentis3
1214 1175 1337 1210 invisa
1363 1179 1405 1211 et

222 1244 415 1292 equisaeti
437 1248 510 1280 est,
527 1256 548 1277 a
569 1241 825 1279 similitudine
847 1245 1016 1292 equinae
1034 1241 1205 1279 saetae.⁴
1245 1243 1402 1281 secandi

224 1318 384 1361 tenipus
402 1326 492 1349 cuni
512 1315 621 1361 spica
639 1310 899 1349 deflorescere
917 1314 1049 1362 coepit
1068 1318 1190 1362 atque
1210 1312 1405 1356 roborari3

222 1382 438 1418 secandum
495 1387 713 1431 antequam
771 1384 980 1419 inarescat.
1036 1381 1137 1418 Cato
1194 1381 1201 1394 ⁴
1224 1381 1404 1426 Fenum,’

222 1454 365 1501 inquit,
389 1451 395 1462 ‘
417 1464 466 1488 ne
490 1464 576 1488 sero
599 1463 731 1494 seces:
769 1454 874 1500 prius
899 1464 1018 1501 quam
1042 1464 1178 1488 semen
1202 1457 1402 1489 maturum

223 1523 273 1557 sit
306 1520 496 1558 secato.’5
550 1520 711 1571 quidam
747 1521 871 1570 pridie
906 1523 1060 1571 rigant3
1096 1521 1161 1557 ubi
1198 1534 1276 1558 non
1310 1527 1403 1560 sunt

223 1593 348 1640 rigna,
360 1591 540 1628 noctibus
553 1591 711 1628 roscidis
723 1593 847 1628 secari
858 1590 1011 1628 melius.
1055 1591 1252 1641 quaedam
1269 1598 1403 1641 partes

223 1659 363 1697 Italiae
381 1666 470 1710 post
489 1673 659 1697 messem
677 1667 828 1697 secant.
884 1659 960 1697 fuit
977 1659 1050 1697 hoc
1069 1673 1228 1711 quoque
1245 1663 1402 1698 maioris

471 1763 482 1782 ¹
508 1762 670 1803 Deilefsen
685 1775 692 1793 ε
718 1766 779 1793 uta
795 1767 853 1793 aue
870 1763 925 1794 via
941 1768 998 1794 aut
1014 1773 1033 1794 ο
1050 1763 1115 1794 via.

470 1808 481 1825 ²
506 1806 662 1846 Mayhoff
673 1817 680 1837 ε
706 1806 809 1836 siz-are
824 1810 882 1836 aut
897 1816 1016 1838 serere.

468 1851 480 1868 ³
506 1849 680 1890 Mayhoff:
706 1849 740 1880 in
758 1853 867 1890 prata.

468 1893 480 1911 ⁴
504 1893 538 1932 [a
564 1917 570 1923 .
598 1917 605 1923 .
632 1917 639 1923 .
664 1892 791 1931 saetae]
806 1895 819 1923 :⁹
837 1891 931 1932 qloss.
950 1891 1127 1923 Rackham.

469 1935 480 1954 ⁶
504 1939 619 1966 secato
635 1945 651 1967 e
668 1935 739 1966 Cat.
757 1935 832 1966 add.
850 1936 1014 1966 Erasmus
1029 1934 1076 1966 ed.
1093 1935 1173 1967 Bas.

457 2042 471 2055 ‘¹
497 2036 567 2068 The
585 2037 683 2078 plant
699 2047 773 2068 now
791 2037 898 2068 called
920 2036 1138 2068 ‘horse-teil)

222 2094 290 2129 35²
