<?xml version="1.0" encoding="UTF-8"?>
<!DOCTYPE html PUBLIC "-//W3C//DTD XHTML 1.0 Transitional//EN"
    "http://www.w3.org/TR/xhtml1/DTD/xhtml1-transitional.dtd">
<html xmlns="http://www.w3.org/1999/xhtml" xml:lang="en" lang="en">
 <head>
  <title>
</title>
<meta http-equiv="Content-Type" content="text/html;charset=utf-8" />
  <meta name='ocr-system' content='tesseract 3.04.00' />
  <meta name='ocr-capabilities' content='ocr_page ocr_carea ocr_par ocr_line ocrx_word'/>
</head>
<body>
  <div class='ocr_page' id='page_1' title='image "./naturalhistory05plinuoft_0156.png"; bbox 0 0 1486 2359; ppageno 0'>
   <div class='ocr_carea' id='block_1_1' title="bbox 84 393 146 422">
    <p class='ocr_par' dir='ltr' id='par_1_1' title="bbox 84 393 146 422">
     <span class='ocr_line' id='line_1_1' title="bbox 84 393 146 422; baseline -0.065 0"><span class='ocrx_word' id='word_1_1' title='bbox 84 393 111 422; x_wconf 81' lang='lat'>2‹</span> <span class='ocrx_word' id='word_1_2' title='bbox 119 394 146 420; x_wconf 70' lang='lat' dir='ltr'>w»</span> 
     </span>
    </p>
   </div>
   <div class='ocr_carea' id='block_1_2' title="bbox 375 129 1151 168">
    <p class='ocr_par' dir='ltr' id='par_1_2' title="bbox 375 129 1151 168">
     <span class='ocr_line' id='line_1_2' title="bbox 375 129 1151 168; baseline 0 -1"><span class='ocrx_word' id='word_1_3' title='bbox 375 129 563 167; x_wconf 77' lang='lat' dir='ltr'>PLINY:</span> <span class='ocrx_word' id='word_1_4' title='bbox 616 131 879 168; x_wconf 75' lang='lat' dir='ltr'>NATURAL</span> <span class='ocrx_word' id='word_1_5' title='bbox 917 130 1151 168; x_wconf 85' lang='lat' dir='ltr'>HISTORY</span> 
     </span>
    </p>
   </div>
   <div class='ocr_carea' id='block_1_3' title="bbox 170 233 1356 1840">
    <p class='ocr_par' dir='ltr' id='par_1_3' title="bbox 172 233 1351 361">
     <span class='ocr_line' id='line_1_3' title="bbox 172 233 1351 275; baseline 0.001 -5"><span class='ocrx_word' id='word_1_6' title='bbox 172 233 289 271; x_wconf 83' lang='lat' dir='ltr'>altius</span> <span class='ocrx_word' id='word_1_7' title='bbox 302 236 342 270; x_wconf 91' lang='lat' dir='ltr'>in</span> <span class='ocrx_word' id='word_1_8' title='bbox 355 240 519 275; x_wconf 84' lang='lat' dir='ltr'>terram,</span> <span class='ocrx_word' id='word_1_9' title='bbox 533 247 584 271; x_wconf 93' lang='lat' dir='ltr'>ne</span> <span class='ocrx_word' id='word_1_10' title='bbox 598 246 647 270; x_wconf 88' lang='lat' dir='ltr'>ex</span> <span class='ocrx_word' id='word_1_11' title='bbox 661 236 785 270; x_wconf 91' lang='lat' dir='ltr'>reciso</span> <span class='ocrx_word' id='word_1_12' title='bbox 799 233 996 271; x_wconf 86' lang='lat' dir='ltr'>frondeat.</span> <span class='ocrx_word' id='word_1_13' title='bbox 1051 233 1136 271; x_wconf 89' lang='lat' dir='ltr'>tolli</span> <span class='ocrx_word' id='word_1_14' title='bbox 1150 233 1351 271; x_wconf 87' lang='lat' dir='ltr'>viveradix</span> 
     </span>
     <span class='ocr_line' id='line_1_4' title="bbox 172 311 768 361; baseline 0 -14"><span class='ocrx_word' id='word_1_15' title='bbox 172 325 193 347; x_wconf 71' lang='grc' dir='ltr'>ει</span> <span class='ocrx_word' id='word_1_16' title='bbox 216 311 412 348; x_wconf 84' lang='lat' dir='ltr'>vindemia</span> <span class='ocrx_word' id='word_1_17' title='bbox 433 314 611 361; x_wconf 76' lang='lat' dir='ltr'>protinus</span> <span class='ocrx_word' id='word_1_18' title='bbox 632 311 768 348; x_wconf 79' lang='lat' dir='ltr'>debet.</span> 
     </span>
    </p>

    <p class='ocr_par' dir='ltr' id='par_1_4' title="bbox 170 388 1356 1217">
     <span class='ocr_line' id='line_1_5' title="bbox 226 388 1354 438; baseline 0.002 -14"><span class='ocrx_word' id='word_1_19' title='bbox 226 389 362 438; x_wconf 77' lang='lat' dir='ltr'>Nuper</span> <span class='ocrx_word' id='word_1_20' title='bbox 381 395 585 438; x_wconf 79' lang='lat' dir='ltr'>repertum</span> <span class='ocrx_word' id='word_1_21' title='bbox 604 388 818 425; x_wconf 84' lang='lat' dir='ltr'>draconem</span> <span class='ocrx_word' id='word_1_22' title='bbox 838 401 970 426; x_wconf 83' lang='lat' dir='ltr'>serere</span> <span class='ocrx_word' id='word_1_23' title='bbox 989 391 1102 426; x_wconf 77' lang='lat' dir='ltr'>iuxta</span> <span class='ocrx_word' id='word_1_24' title='bbox 1121 389 1354 426; x_wconf 88' lang='lat' dir='ltr'>arborem—</span> 
     </span>
     <span class='ocr_line' id='line_1_6' title="bbox 174 465 1354 516; baseline 0.001 -14"><span class='ocrx_word' id='word_1_25' title='bbox 174 470 228 503; x_wconf 83' lang='lat' dir='ltr'>ita</span> <span class='ocrx_word' id='word_1_26' title='bbox 256 466 505 515; x_wconf 78' lang='lat' dir='ltr'>appellamus</span> <span class='ocrx_word' id='word_1_27' title='bbox 533 465 744 516; x_wconf 75' lang='lat' dir='ltr'>palmitem</span> <span class='ocrx_word' id='word_1_28' title='bbox 773 468 986 503; x_wconf 88' lang='lat' dir='ltr'>emeritum</span> <span class='ocrx_word' id='word_1_29' title='bbox 1012 465 1271 516; x_wconf 80' lang='lat' dir='ltr'>pluribusque</span> <span class='ocrx_word' id='word_1_30' title='bbox 1297 468 1354 503; x_wconf 92' lang='lat' dir='ltr'>in-</span> 
     </span>
     <span class='ocr_line' id='line_1_7' title="bbox 171 543 1352 594; baseline 0.001 -15"><span class='ocrx_word' id='word_1_31' title='bbox 171 544 358 581; x_wconf 86' lang='lat' dir='ltr'>duratum</span> <span class='ocrx_word' id='word_1_32' title='bbox 407 547 531 580; x_wconf 81' lang='lat' dir='ltr'>annis.</span> <span class='ocrx_word' id='word_1_33' title='bbox 586 543 690 581; x_wconf 89' lang='lat' dir='ltr'>hunc</span> <span class='ocrx_word' id='word_1_34' title='bbox 738 546 960 594; x_wconf 88' lang='lat' dir='ltr'>praecisum</span> <span class='ocrx_word' id='word_1_35' title='bbox 1008 557 1129 594; x_wconf 90' lang='lat' dir='ltr'>quam</span> <span class='ocrx_word' id='word_1_36' title='bbox 1177 546 1352 581; x_wconf 85' lang='lat' dir='ltr'>maxima</span> 
     </span>
     <span class='ocr_line' id='line_1_8' title="bbox 172 621 1352 672; baseline 0 -14"><span class='ocrx_word' id='word_1_37' title='bbox 172 621 448 671; x_wconf 83' lang='lat' dir='ltr'>amplitudine,</span> <span class='ocrx_word' id='word_1_38' title='bbox 498 622 624 658; x_wconf 84' lang='lat' dir='ltr'>tribus</span> <span class='ocrx_word' id='word_1_39' title='bbox 674 622 853 671; x_wconf 80' lang='lat' dir='ltr'>partibus</span> <span class='ocrx_word' id='word_1_40' title='bbox 902 621 1160 672; x_wconf 87' lang='lat' dir='ltr'>longitudinis</span> <span class='ocrx_word' id='word_1_41' title='bbox 1210 621 1352 659; x_wconf 85' lang='lat' dir='ltr'>deraso</span> 
     </span>
     <span class='ocr_line' id='line_1_9' title="bbox 170 699 1355 749; baseline 0.001 -13"><span class='ocrx_word' id='word_1_42' title='bbox 170 702 316 737; x_wconf 87' lang='lat' dir='ltr'>cortice</span> <span class='ocrx_word' id='word_1_43' title='bbox 333 706 531 749; x_wconf 79' lang='lat' dir='ltr'>quatenus</span> <span class='ocrx_word' id='word_1_44' title='bbox 547 699 898 737; x_wconf 86' lang='lat' dir='ltr'>obruatur—unde</span> <span class='ocrx_word' id='word_1_45' title='bbox 918 705 960 737; x_wconf 86' lang='lat' dir='ltr'>et</span> <span class='ocrx_word' id='word_1_46' title='bbox 980 699 1140 737; x_wconf 88' lang='lat' dir='ltr'>rasilem</span> <span class='ocrx_word' id='word_1_47' title='bbox 1160 705 1355 737; x_wconf 85' lang='lat' dir='ltr'>vocant—</span> 
     </span>
     <span class='ocr_line' id='line_1_10' title="bbox 170 777 1356 827; baseline 0.001 -13"><span class='ocrx_word' id='word_1_48' title='bbox 170 777 393 827; x_wconf 87' lang='lat' dir='ltr'>deprimere</span> <span class='ocrx_word' id='word_1_49' title='bbox 425 777 546 821; x_wconf 89' lang='lat' dir='ltr'>sulco,</span> <span class='ocrx_word' id='word_1_50' title='bbox 578 777 730 827; x_wconf 87' lang='lat' dir='ltr'>reliqua</span> <span class='ocrx_word' id='word_1_51' title='bbox 761 783 877 827; x_wconf 85' lang='lat' dir='ltr'>parte</span> <span class='ocrx_word' id='word_1_52' title='bbox 909 777 960 814; x_wconf 85' lang='lat' dir='ltr'>ad</span> <span class='ocrx_word' id='word_1_53' title='bbox 991 777 1173 814; x_wconf 89' lang='lat' dir='ltr'>arborem</span> <span class='ocrx_word' id='word_1_54' title='bbox 1206 783 1356 821; x_wconf 86' lang='lat' dir='ltr'>erecta,</span> 
     </span>
     <span class='ocr_line' id='line_1_11' title="bbox 170 855 1355 905; baseline -0.001 -13"><span class='ocrx_word' id='word_1_55' title='bbox 170 858 395 893; x_wconf 83' lang='lat' dir='ltr'>ocissimum</span> <span class='ocrx_word' id='word_1_56' title='bbox 416 858 455 892; x_wconf 91' lang='lat' dir='ltr'>in</span> <span class='ocrx_word' id='word_1_57' title='bbox 477 858 558 892; x_wconf 69' lang='lat' dir='ltr'>w&#39;te</span> <span class='ocrx_word' id='word_1_58' title='bbox 581 855 675 892; x_wconf 83' lang='lat' dir='ltr'>est.¹</span> <span class='ocrx_word' id='word_1_59' title='bbox 729 858 759 892; x_wconf 86' lang='lat' dir='ltr'>si</span> <span class='ocrx_word' id='word_1_60' title='bbox 781 855 938 905; x_wconf 84' lang='lat' dir='ltr'>gracilis</span> <span class='ocrx_word' id='word_1_61' title='bbox 959 858 1009 892; x_wconf 87' lang='lat' dir='ltr'>sit</span> <span class='ocrx_word' id='word_1_62' title='bbox 1030 857 1119 892; x_wconf 84' lang='lat' dir='ltr'>vitis</span> <span class='ocrx_word' id='word_1_63' title='bbox 1142 861 1211 893; x_wconf 86' lang='lat' dir='ltr'>aut</span> <span class='ocrx_word' id='word_1_64' title='bbox 1233 861 1355 899; x_wconf 84' lang='lat' dir='ltr'>terra,</span> 
     </span>
     <span class='ocr_line' id='line_1_12' title="bbox 172 933 1355 983; baseline 0 -13"><span class='ocrx_word' id='word_1_65' title='bbox 172 936 364 970; x_wconf 81' lang='lat' dir='ltr'>usitatum</span> <span class='ocrx_word' id='word_1_66' title='bbox 403 939 464 970; x_wconf 80' lang='lat' dir='ltr'>est</span> <span class='ocrx_word' id='word_1_67' title='bbox 503 947 623 983; x_wconf 86' lang='lat' dir='ltr'>quam</span> <span class='ocrx_word' id='word_1_68' title='bbox 661 936 842 983; x_wconf 88' lang='lat' dir='ltr'>proxime</span> <span class='ocrx_word' id='word_1_69' title='bbox 879 933 1006 970; x_wconf 90' lang='lat' dir='ltr'>solum</span> <span class='ocrx_word' id='word_1_70' title='bbox 1045 933 1189 977; x_wconf 87' lang='lat' dir='ltr'>decidi,</span> <span class='ocrx_word' id='word_1_71' title='bbox 1228 933 1355 971; x_wconf 89' lang='lat' dir='ltr'>donec</span> 
     </span>
     <span class='ocr_line' id='line_1_13' title="bbox 172 1011 1356 1062; baseline 0.001 -15"><span class='ocrx_word' id='word_1_72' title='bbox 172 1011 351 1048; x_wconf 78' lang='lat' dir='ltr'>firmetur</span> <span class='ocrx_word' id='word_1_73' title='bbox 379 1011 506 1055; x_wconf 89' lang='lat' dir='ltr'>radix,</span> <span class='ocrx_word' id='word_1_74' title='bbox 536 1013 651 1048; x_wconf 86' lang='lat' dir='ltr'>sicuti</span> <span class='ocrx_word' id='word_1_75' title='bbox 681 1024 811 1061; x_wconf 88' lang='lat' dir='ltr'>neque</span> <span class='ocrx_word' id='word_1_76' title='bbox 842 1011 1037 1048; x_wconf 82' lang='lat' dir='ltr'>roscidam</span> <span class='ocrx_word' id='word_1_77' title='bbox 1066 1013 1142 1048; x_wconf 91' lang='lat' dir='ltr'>seri</span> <span class='ocrx_word' id='word_1_78' title='bbox 1173 1023 1304 1062; x_wconf 90' lang='lat' dir='ltr'>neque</span> <span class='ocrx_word' id='word_1_79' title='bbox 1333 1025 1356 1047; x_wconf 84' lang='lat' dir='ltr'>a</span> 
     </span>
     <span class='ocr_line' id='line_1_14' title="bbox 171 1088 1355 1139; baseline 0 -13"><span class='ocrx_word' id='word_1_80' title='bbox 171 1092 453 1139; x_wconf 78' lang='lat' dir='ltr'>septentrionis</span> <span class='ocrx_word' id='word_1_81' title='bbox 474 1089 595 1132; x_wconf 76' lang='lat' dir='ltr'>flatu3</span> <span class='ocrx_word' id='word_1_82' title='bbox 631 1092 730 1126; x_wconf 90' lang='lat' dir='ltr'>vites</span> <span class='ocrx_word' id='word_1_83' title='bbox 751 1089 978 1139; x_wconf 89' lang='lat' dir='ltr'>aquilonem</span> <span class='ocrx_word' id='word_1_84' title='bbox 998 1095 1183 1139; x_wconf 84' lang='lat' dir='ltr'>spectare</span> <span class='ocrx_word' id='word_1_85' title='bbox 1203 1088 1355 1126; x_wconf 85' lang='lat' dir='ltr'>debent</span> 
     </span>
     <span class='ocr_line' id='line_1_15' title="bbox 172 1167 1050 1217; baseline 0 -13"><span class='ocrx_word' id='word_1_86' title='bbox 172 1170 295 1216; x_wconf 71' lang='lat' dir='ltr'>ipsae,</span> <span class='ocrx_word' id='word_1_87' title='bbox 313 1167 498 1217; x_wconf 84' lang='lat' dir='ltr'>palmites</span> <span class='ocrx_word' id='word_1_88' title='bbox 518 1173 655 1204; x_wconf 89' lang='lat' dir='ltr'>autem</span> <span class='ocrx_word' id='word_1_89' title='bbox 674 1180 811 1204; x_wconf 91' lang='lat' dir='ltr'>earum</span> <span class='ocrx_word' id='word_1_90' title='bbox 831 1167 1050 1204; x_wconf 89' lang='lat' dir='ltr'>meridiem.</span> 
     </span>
    </p>

    <p class='ocr_par' dir='ltr' id='par_1_5' title="bbox 171 1244 1356 1840">
     <span class='ocr_line' id='line_1_16' title="bbox 224 1244 1355 1294; baseline 0.001 -13"><span class='ocrx_word' id='word_1_91' title='bbox 224 1246 310 1281; x_wconf 75' lang='lat' dir='ltr'>Non</span> <span class='ocrx_word' id='word_1_92' title='bbox 335 1251 395 1282; x_wconf 87' lang='lat' dir='ltr'>est</span> <span class='ocrx_word' id='word_1_93' title='bbox 419 1245 690 1282; x_wconf 75' lang='lat' dir='ltr'>festinandum</span> <span class='ocrx_word' id='word_1_94' title='bbox 714 1245 765 1282; x_wconf 72' lang='lat' dir='ltr'>ad</span> <span class='ocrx_word' id='word_1_95' title='bbox 788 1247 1042 1294; x_wconf 79' lang='lat' dir='ltr'>putationem</span> <span class='ocrx_word' id='word_1_96' title='bbox 1066 1244 1262 1289; x_wconf 91' lang='lat' dir='ltr'>novellae,</span> <span class='ocrx_word' id='word_1_97' title='bbox 1283 1245 1355 1282; x_wconf 86' lang='lat' dir='ltr'>sed</span> 
     </span>
     <span class='ocr_line' id='line_1_17' title="bbox 172 1322 1355 1374; baseline 0 -15"><span class='ocrx_word' id='word_1_98' title='bbox 172 1326 297 1373; x_wconf 82' lang='lat' dir='ltr'>primo</span> <span class='ocrx_word' id='word_1_99' title='bbox 315 1326 354 1359; x_wconf 90' lang='lat' dir='ltr'>in</span> <span class='ocrx_word' id='word_1_100' title='bbox 372 1323 534 1360; x_wconf 81' lang='lat' dir='ltr'>circulos</span> <span class='ocrx_word' id='word_1_101' title='bbox 554 1326 741 1360; x_wconf 85' lang='lat' dir='ltr'>materies</span> <span class='ocrx_word' id='word_1_102' title='bbox 759 1323 997 1374; x_wconf 87' lang='lat' dir='ltr'>colligenda,</span> <span class='ocrx_word' id='word_1_103' title='bbox 1016 1336 1088 1361; x_wconf 91' lang='lat' dir='ltr'>nec</span> <span class='ocrx_word' id='word_1_104' title='bbox 1107 1325 1180 1360; x_wconf 89' lang='lat' dir='ltr'>nisi</span> <span class='ocrx_word' id='word_1_105' title='bbox 1199 1322 1355 1360; x_wconf 90' lang='lat' dir='ltr'>validae</span> 
     </span>
     <span class='ocr_line' id='line_1_18' title="bbox 172 1400 1354 1450; baseline 0.001 -13"><span class='ocrx_word' id='word_1_106' title='bbox 172 1404 328 1450; x_wconf 80' lang='lat' dir='ltr'>putatio</span> <span class='ocrx_word' id='word_1_107' title='bbox 362 1401 626 1444; x_wconf 89' lang='lat' dir='ltr'>admovenda,</span> <span class='ocrx_word' id='word_1_108' title='bbox 660 1403 806 1438; x_wconf 90' lang='lat' dir='ltr'>seriore</span> <span class='ocrx_word' id='word_1_109' title='bbox 840 1414 944 1438; x_wconf 86' lang='lat' dir='ltr'>anno</span> <span class='ocrx_word' id='word_1_110' title='bbox 978 1400 1062 1438; x_wconf 89' lang='lat' dir='ltr'>fere</span> <span class='ocrx_word' id='word_1_111' title='bbox 1096 1400 1147 1438; x_wconf 87' lang='lat' dir='ltr'>ad</span> <span class='ocrx_word' id='word_1_112' title='bbox 1180 1400 1354 1438; x_wconf 81' lang='lat' dir='ltr'>fructum</span> 
     </span>
     <span class='ocr_line' id='line_1_19' title="bbox 172 1479 1355 1529; baseline 0.001 -15"><span class='ocrx_word' id='word_1_113' title='bbox 172 1479 333 1516; x_wconf 77' lang='lat' dir='ltr'>arbusta</span> <span class='ocrx_word' id='word_1_114' title='bbox 361 1481 441 1516; x_wconf 85' lang='lat' dir='ltr'>vite</span> <span class='ocrx_word' id='word_1_115' title='bbox 470 1492 590 1529; x_wconf 86' lang='lat' dir='ltr'>quarn</span> <span class='ocrx_word' id='word_1_116' title='bbox 617 1484 778 1529; x_wconf 80' lang='lat' dir='ltr'>iugata;</span> <span class='ocrx_word' id='word_1_117' title='bbox 820 1485 912 1516; x_wconf 81' lang='lat' dir='ltr'>sunt</span> <span class='ocrx_word' id='word_1_118' title='bbox 941 1483 1007 1529; x_wconf 88' lang='lat' dir='ltr'>qui</span> <span class='ocrx_word' id='word_1_119' title='bbox 1035 1481 1196 1516; x_wconf 90' lang='lat' dir='ltr'>omnino</span> <span class='ocrx_word' id='word_1_120' title='bbox 1222 1481 1355 1529; x_wconf 83' lang='lat' dir='ltr'>putari</span> 
     </span>
     <span class='ocr_line' id='line_1_20' title="bbox 173 1556 1354 1607; baseline 0.002 -15"><span class='ocrx_word' id='word_1_121' title='bbox 173 1562 311 1594; x_wconf 81' lang='lat' dir='ltr'>vetent</span> <span class='ocrx_word' id='word_1_122' title='bbox 345 1559 574 1607; x_wconf 83' lang='lat' dir='ltr'>priusquam</span> <span class='ocrx_word' id='word_1_123' title='bbox 608 1557 789 1594; x_wconf 80' lang='lat' dir='ltr'>arborem</span> <span class='ocrx_word' id='word_1_124' title='bbox 823 1556 1073 1607; x_wconf 81' lang='lat' dir='ltr'>longitudine</span> <span class='ocrx_word' id='word_1_125' title='bbox 1107 1559 1354 1607; x_wconf 79' lang='lat' dir='ltr'>aequaverit.</span> 
     </span>
     <span class='ocr_line' id='line_1_21' title="bbox 173 1634 1356 1686; baseline 0 -15"><span class='ocrx_word' id='word_1_126' title='bbox 173 1637 298 1684; x_wconf 83' lang='lat' dir='ltr'>prima</span> <span class='ocrx_word' id='word_1_127' title='bbox 317 1634 418 1672; x_wconf 87' lang='lat' dir='ltr'>falce</span> <span class='ocrx_word' id='word_1_128' title='bbox 438 1648 507 1672; x_wconf 85' lang='lat' dir='ltr'>sex</span> <span class='ocrx_word' id='word_1_129' title='bbox 528 1635 651 1685; x_wconf 90' lang='lat' dir='ltr'>pedes</span> <span class='ocrx_word' id='word_1_130' title='bbox 671 1648 693 1671; x_wconf 82' lang='lat' dir='ltr'>a</span> <span class='ocrx_word' id='word_1_131' title='bbox 712 1641 819 1672; x_wconf 85' lang='lat' dir='ltr'>terra</span> <span class='ocrx_word' id='word_1_132' title='bbox 840 1634 1055 1678; x_wconf 85' lang='lat' dir='ltr'>recidatur,</span> <span class='ocrx_word' id='word_1_133' title='bbox 1075 1634 1234 1686; x_wconf 89' lang='lat' dir='ltr'>flagello</span> <span class='ocrx_word' id='word_1_134' title='bbox 1254 1634 1356 1671; x_wconf 88' lang='lat' dir='ltr'>infra</span> 
     </span>
     <span class='ocr_line' id='line_1_22' title="bbox 172 1712 1355 1750; baseline 0 -1"><span class='ocrx_word' id='word_1_135' title='bbox 172 1712 309 1749; x_wconf 84' lang='lat' dir='ltr'>relicto</span> <span class='ocrx_word' id='word_1_136' title='bbox 327 1718 368 1750; x_wconf 82' lang='lat' dir='ltr'>et</span> <span class='ocrx_word' id='word_1_137' title='bbox 386 1715 493 1749; x_wconf 79' lang='lat' dir='ltr'>nasci</span> <span class='ocrx_word' id='word_1_138' title='bbox 509 1719 649 1750; x_wconf 83' lang='lat' dir='ltr'>coacto</span> <span class='ocrx_word' id='word_1_139' title='bbox 667 1715 939 1750; x_wconf 80' lang='lat' dir='ltr'>incurvatione</span> <span class='ocrx_word' id='word_1_140' title='bbox 956 1714 1165 1750; x_wconf 87' lang='lat' dir='ltr'>materiae.</span> <span class='ocrx_word' id='word_1_141' title='bbox 1219 1718 1300 1749; x_wconf 84' lang='lat' dir='ltr'>tres</span> <span class='ocrx_word' id='word_1_142' title='bbox 1319 1714 1355 1749; x_wconf 92' lang='lat' dir='ltr'>ei</span> 
     </span>
     <span class='ocr_line' id='line_1_23' title="bbox 171 1788 1355 1840; baseline -0.001 -13"><span class='ocrx_word' id='word_1_143' title='bbox 171 1803 370 1837; x_wconf 59' lang='lat' dir='ltr'>gemmae,</span> <span class='ocrx_word' id='word_1_144' title='bbox 401 1803 478 1827; x_wconf 92' lang='lat' dir='ltr'>non</span> <span class='ocrx_word' id='word_1_145' title='bbox 509 1790 692 1840; x_wconf 89' lang='lat' dir='ltr'>amplius,</span> <span class='ocrx_word' id='word_1_146' title='bbox 722 1790 919 1840; x_wconf 79' lang='lat' dir='ltr'>deputato</span> <span class='ocrx_word' id='word_1_147' title='bbox 948 1792 1160 1840; x_wconf 86' lang='lat' dir='ltr'>supersint.</span> <span class='ocrx_word' id='word_1_148' title='bbox 1217 1802 1266 1826; x_wconf 87' lang='lat' dir='ltr'>ex</span> <span class='ocrx_word' id='word_1_149' title='bbox 1296 1788 1355 1827; x_wconf 89' lang='lat' dir='ltr'>his</span> 
     </span>
    </p>
   </div>
   <div class='ocr_carea' id='block_1_4' title="bbox 173 1868 1355 1920">
    <p class='ocr_par' dir='ltr' id='par_1_6' title="bbox 173 1868 1355 1920">
     <span class='ocr_line' id='line_1_24' title="bbox 173 1868 1355 1920; baseline 0 -14"><span class='ocrx_word' id='word_1_150' title='bbox 173 1871 303 1906; x_wconf 82' lang='lat' dir='ltr'>emissi</span> <span class='ocrx_word' id='word_1_151' title='bbox 319 1868 504 1919; x_wconf 87' lang='lat' dir='ltr'>palmites</span> <span class='ocrx_word' id='word_1_152' title='bbox 519 1871 699 1919; x_wconf 88' lang='lat' dir='ltr'>proximo</span> <span class='ocrx_word' id='word_1_153' title='bbox 714 1882 818 1906; x_wconf 84' lang='lat' dir='ltr'>anno</span> <span class='ocrx_word' id='word_1_154' title='bbox 833 1871 920 1906; x_wconf 86' lang='lat' dir='ltr'>imis</span> <span class='ocrx_word' id='word_1_155' title='bbox 936 1869 1171 1920; x_wconf 82' lang='lat' dir='ltr'>digerantur</span> <span class='ocrx_word' id='word_1_156' title='bbox 1185 1870 1355 1907; x_wconf 79' lang='lat' dir='ltr'>scamnis</span> 
     </span>
    </p>
   </div>
   <div class='ocr_carea' id='block_1_5' title="bbox 173 1986 957 2104">
    <p class='ocr_par' dir='ltr' id='par_1_7' title="bbox 173 1986 957 2104">
     <span class='ocr_line' id='line_1_25' title="bbox 569 1986 957 2029; baseline -0.003 -9"><span class='ocrx_word' id='word_1_157' title='bbox 569 1988 580 2007; x_wconf 76' lang='lat'>¹</span> <span class='ocrx_word' id='word_1_158' title='bbox 604 1990 658 2020; x_wconf 73' lang='lat' dir='ltr'>oet</span> <span class='ocrx_word' id='word_1_159' title='bbox 672 1986 774 2019; x_wconf 52' lang='lat' dir='ltr'>cuma</span> <span class='ocrx_word' id='word_1_160' title='bbox 794 1987 957 2029; x_wconf 70' lang='lat' dir='ltr'>Mayhoff.</span> 
     </span>
     <span class='ocr_line' id='line_1_26' title="bbox 173 2072 236 2104; baseline 0.016 -10"><span class='ocrx_word' id='word_1_161' title='bbox 173 2072 185 2094; x_wconf 95' lang='lat'>1</span> <span class='ocrx_word' id='word_1_162' title='bbox 193 2072 236 2104; x_wconf 79' lang='lat'>42</span> 
     </span>
    </p>
   </div>
  </div>
 </body>
</html>
