1486 2359
89 278 147 309 163

91 652 149 681 164

91 1026 150 1056 165

95 1400 152 1430 Ιϋϋ

387 168 549 206 PLINY
565 182 573 205 ε
616 167 879 205 NATURAL
916 167 1150 205 HISTORY

226 272 368 308 XLVI.
401 272 528 322 Igitur
547 270 710 307 Catonis
731 269 829 307 haec
849 273 1051 308 sententia
1067 278 1150 307 est:
1180 273 1244 307 ‘in
1259 283 1357 321 agro

173 339 302 362 crasso
326 331 367 362 et
389 324 498 361 laeto
519 323 767 361 frumentum
788 326 880 368 seri,
900 326 932 361 si
956 336 1048 361 vero
1070 324 1282 361 nebulosus
1304 327 1356 361 sit

175 379 295 422 idem,
315 391 410 428 rapa
424 378 454 422 ¹,
477 377 688 427 raphanos,
707 377 875 421 milium,
897 380 1096 427 panicum.
1149 380 1187 414 in
1212 377 1357 428 frigido

177 432 237 469 vel
260 445 407 482 aquoso
429 434 534 481 prius
556 431 784 474 serendum,
805 437 946 480 postea
967 433 1006 467 in
1027 430 1177 474 calid03
1213 433 1252 467 in
1273 429 1357 468 solo

175 493 311 522 autem
345 486 543 521 rubricoso
574 484 635 521 vel
666 484 773 534 pullo
805 484 865 521 vel
896 483 1103 528 harenoso,
1133 487 1163 521 si
1196 497 1274 521 non
1305 487 1357 522 sit

175 552 382 589 aquosum,
409 538 601 587 lupinum,
627 540 668 574 in
693 545 804 575 creta
831 543 874 574 et
899 537 1054 574 rubrica
1081 544 1123 574 et
1149 540 1356 587 aquosiore

176 606 271 641 agro
295 593 499 635 adoreum,
524 595 564 628 in
588 594 690 628 sicco
715 598 755 628 et
781 604 859 628 non
883 590 1051 628 herboso
1075 604 1148 628 nec
1174 591 1358 630 umbroso

176 649 366 685 triticum,
401 649 439 682 in
474 645 556 682 solo
590 644 718 681 valido
752 644 902 688 fabam,
935 647 1076 682 viciam
1109 658 1203 682 vero
1235 657 1356 695 quam

177 703 340 736 minime
355 702 396 735 in
412 711 560 749 aquoso
576 697 836 748 herbidoqne,
852 698 1049 749 siliginem
1066 704 1108 735 et
1123 700 1301 736 triticum
1315 701 1356 736 in

177 753 261 790 loco
278 758 432 802 aperto,
449 752 572 796 edito,
588 755 655 802 qui
671 751 753 789 sole
769 764 890 802 quam
906 751 1128 789 diutissime
1143 757 1358 796 torreatur,

176 807 328 844 lentem
352 809 391 843 in
415 806 580 843 rudecto
604 811 647 843 et
668 806 867 843 rubricoso
890 808 957 856 qui
981 819 1060 843 non
1082 808 1133 843 sit
1156 805 1358 850 herbidus,

176 859 370 897 hordeum
401 862 441 896 in
471 859 599 896 novali
630 865 671 896 et
701 862 741 896 in
770 872 863 896 arvo
893 859 999 909 quod
1027 859 1206 897 restibile
1234 862 1358 910 possit

177 914 275 957 fieri,
305 917 506 950 trimestre
537 913 603 950 ubi
634 919 858 950 sementem
889 919 1088 950 maturam
1118 912 1250 950 facere
1280 926 1358 950 non

176 970 300 1017 possis
312 967 328 990 ²
348 973 388 1004 et
407 969 517 1004 cuius
534 966 754 1004 crassitudo
772 969 823 1003 sit
841 965 1054 1004 restibilis.'

227 1020 390 1057 Subtilis
411 1027 452 1057 et
475 1020 541 1056 illa
562 1023 785 1057 sententia:
816 1026 826 1042 ‘
842 1019 1019 1057 Serenda
1042 1033 1090 1057 ea
1113 1023 1153 1057 in
1175 1022 1358 1057 tenuiore

178 1081 284 1111 terra
313 1087 416 1124 quae
445 1087 523 1111 non
551 1073 678 1110 multo
706 1074 888 1124 indigent
917 1087 1024 1118 suco,
1052 1079 1097 1111 ut
1124 1076 1273 1124 cytisus
1302 1080 1358 1118 et,

177 1131 304 1165 cicere
319 1133 503 1177 excepto,
519 1140 539 1164 e
555 1127 821 1177 leguminibus
839 1127 856 1151 ³
868 1140 972 1177 quae
986 1127 1186 1164 velluntur
1200 1140 1222 1164 e
1236 1133 1358 1172 terra,

179 1195 255 1218 non
282 1181 702 1218 subsecantur—unde
728 1187 770 1218 et
794 1181 996 1231 legumina
1025 1180 1242 1231 appellata,
1265 1184 1358 1232 quia

175 1238 233 1271 ita
247 1235 499 1284 leguntur—‚
512 1238 551 1271 in
564 1237 701 1285 pingui
717 1240 853 1271 autem
871 1248 974 1285 quae
986 1235 1062 1271 cibi
1078 1240 1171 1271 sunt
1186 1237 1358 1279 maioris,

180 1295 222 1325 ut
243 1288 341 1330 olus,
361 1291 552 1331 triticum,
571 1288 698 1338 siligo,
718 1288 853 1325 linum.
897 1291 952 1325 sic
973 1301 1068 1339 ergo
1087 1294 1211 1325 tenue
1230 1288 1356 1326 solum

177 1341 326 1378 hordeo
345 1342 688 1379 dabitur—minus
709 1345 815 1378 enim
836 1341 1015 1379 alimenti
1034 1342 1146 1379 radix
1165 1344 1359 1392 poscit—‚

178 1395 328 1432 lenior⁴¹
353 1401 460 1432 terra
489 1396 726 1445 densiorque
754 1398 898 1432 tritico.
954 1399 994 1432 in
1018 1395 1103 1433 loco
1130 1395 1324 1433 umidiore
1341 1395 1359 1420 ⁶

178 1449 238 1485 far
258 1449 447 1485 adoreum
467 1452 598 1498 potius
615 1462 735 1499 quam
751 1452 926 1486 triticum
948 1455 1117 1493 seretur,
1129 1455 1358 1499 temperato

180 1509 221 1539 et
245 1505 420 1539 triticum
447 1509 487 1539 et
511 1501 715 1539 hordeum.
766 1502 885 1540 colles
907 1502 1106 1540 robustius
1131 1502 1203 1540 sed
1227 1505 1357 1540 minus

179 1555 350 1592 reddunt
383 1558 571 1592 triticum.
627 1555 700 1595 far.
731 1556 844 1605 siligo
874 1562 915 1593 et
944 1563 1143 1594 cretosum
1174 1562 1216 1594 et
1246 1556 1358 1607 uligi-

181 1623 318 1646 nosum
339 1609 464 1646 solum
484 1608 720 1659 patiuntur.’

361 1695 370 1713 ¹
395 1705 477 1736 rapa
493 1705 510 1726 e
527 1695 647 1726 Catone
663 1694 738 1726 add.
755 1694 948 1728 Pintianus.

362 1739 374 1756 ²
399 1738 427 1769 E
445 1738 565 1769 Catone
581 1737 780 1769 Har-donin:
806 1739 922 1779 possit.

361 1781 373 1799 ³
399 1780 479 1812 Sic?
498 1780 673 1821 Mayhoff:
699 1781 784 1812 cicer
799 1782 950 1823 exceptis
967 1781 1202 1823 leguminibus.

359 1825 370 1842 ⁴
396 1823 515 1855 laetior
531 1824 724 1856 Pintianus.

359 1874 370 1884 ⁰
398 1869 424 1898 A
447 1867 590 1899 Varrone
606 1866 725 1908 Siuiq:
751 1866 880 1899 humili.

497 2003 512 2018 ⁰
535 1999 619 2031 ΚΒ.
638 1999 695 2030 VI.
717 2001 744 2035 1,
764 1998 929 2031 XXXIV.
952 2001 978 2036 1,
995 2001 1024 2032 2.

500 2042 513 2061 ⁶
536 2042 642 2073 Varro
661 2043 742 2074 RB.
765 2042 789 2072 1.
810 2043 861 2073 23.

181 2114 246 2146 20²
