1486 2359
416 160 608 197 PLINY:
657 159 922 197 NATURAL
961 158 1199 197 HISTORY

221 265 368 299 variam
395 264 650 311 pistrinarum
677 265 873 298 rationem
900 260 1065 298 habent.
1119 274 1212 298 acus
1239 266 1402 298 vocatur

221 330 310 353 curn
335 329 406 365 per
429 328 470 352 se
496 318 637 365 pisitur
659 317 767 364 spica
790 321 965 358 tantum,
990 314 1195 352 aurificum
1219 315 1271 352 ad
1295 328 1401 359 usus,

221 373 252 406 si
277 383 368 405 vero
391 371 431 404 in
454 382 547 405 area
570 371 714 405 teritur
736 382 827 405 cum
850 368 1011 417 stipula,
1034 368 1166 417 palea,
1189 371 1230 405 in
1252 371 1401 405 maiore

220 429 417 459 terrarum
458 427 572 471 parte
615 422 665 458 ad
703 421 849 471 pabula
886 424 1167 459 iumentorum.
1227 421 1323 458 milii
1360 427 1402 459 et

221 478 350 525 panici
385 481 426 511 et
459 478 627 511 sesimae
660 481 927 525 purgamenta
961 475 1149 524 apludam
1182 481 1326 512 vocant
1361 481 1402 512 et

222 529 313 565 alibi
334 528 416 565 aliis
437 529 672 565 nominibus.

137 587 196 618 100
274 582 418 618 XXIV.
477 582 588 618 Milio
603 581 822 631 Campania
836 584 1050 631 praecipue
1064 581 1217 631 gaudet
1231 581 1403 631 pultem·

223 649 299 685 que
327 635 538 672 candidam
567 649 616 672 ex
645 648 693 672 eo
720 635 839 678 facit3
882 635 927 672 fit
955 640 998 672 et
1024 637 1138 684 panis
1166 634 1401 684 praedulcis.

223 691 494 725 Sarmatarum
545 702 703 739 quoque
751 694 894 739 gentes
943 687 1017 725 hac
1067 691 1241 725 maxime
1289 688 1403 738 pulte

223 743 383 779 aluntur
423 749 465 779 ct
503 742 626 779 cruda
666 744 788 779 etiam
829 741 971 786 farina,
1011 744 1156 792 equino
1195 742 1301 779 lacte
1341 742 1403 779 vel

222 799 415 845 sanguine
454 809 476 833 e
512 799 632 832 cruris
671 798 779 832 venis
817 795 1009 832 admixto.
1065 794 1286 845 Aethiopes
1325 808 1403 832 non

222 850 339 886 aliam
363 849 520 899 frugem
544 863 662 899 quam
687 849 783 885 milii
807 848 1025 899 hordeique
1048 861 1206 885 novere.

136 908 191 938 101
273 903 396 939 XXV.
427 903 572 939 Panico
587 909 629 939 et
645 902 799 939 Galliae
815 902 991 952 quidem,
1006 905 1220 951 praecipue
1236 902 1404 952 Aquita-

224 959 287 992 nia
305 959 443 998 utitur,
458 956 529 993 sed
545 962 586 993 et
601 956 909 1006 circumpadana
926 955 1043 993 Italia
1059 955 1197 993 addita
1211 955 1305 992 faba
1320 958 1403 992 sine

224 1010 357 1059 aqua.¹
412 1009 601 1046 Ponticae
634 1016 778 1060 gentes
812 1009 963 1046 nullum
995 1012 1137 1058 panico
1170 1008 1403 1058 praeferunt

222 1064 366 1100 cibum.
421 1069 556 1100 cetera
581 1066 733 1100 aestiva
756 1062 960 1100 frumenta
984 1065 1104 1113 riguis
1129 1065 1254 1113 magis
1279 1065 1403 1099 etiam

224 1131 343 1166 quam
375 1117 564 1153 imbribus
594 1117 788 1165 gaudent,
819 1116 970 1153 milium
1001 1122 1043 1153 et
1072 1118 1258 1165 panicum
1289 1118 1400 1166 aquis

223 1173 399 1212 minime,
419 1184 509 1206 cuni
530 1173 569 1206 in
593 1170 686 1207 folia
706 1170 886 1207 exeant.2
940 1175 1080 1207 vetant
1107 1183 1155 1206 ea
1180 1172 1285 1206 inter
1304 1173 1404 1207 vites

223 1225 431 1260 arboresve
456 1223 666 1274 frugiferas
690 1227 780 1268 seri,
802 1230 953 1261 terram
977 1226 1161 1261 emaciari
1177 1223 1193 1247 ³
1216 1222 1289 1260 hoc
1311 1229 1402 1260 satu

223 1280 510 1314 existimantes

136 1335 197 1366 102
274 1331 419 1367 XXVI.
453 1330 550 1367 Milii
572 1333 807 1380 praecipuus
828 1331 880 1368 ad
897 1330 1097 1367 fermenta
1118 1343 1208 1367 usus
1229 1343 1251 1366 e
1270 1335 1403 1366 musto

223 1384 377 1421 subacti
398 1387 437 1420 in
458 1397 634 1421 annuum
655 1390 826 1434 tempus.
882 1384 1008 1421 simile
1031 1384 1075 1420 fit
1097 1396 1119 1420 e
1139 1385 1260 1420 tritici
1282 1385 1402 1432 ipsius

223 1437 438 1474 furfuribus
470 1440 632 1474 minutis
665 1443 707 1475 et
739 1440 898 1487 optimis
931 1452 952 1474 c
985 1443 1116 1474 musto
1149 1437 1238 1474 albo
1270 1437 1402 1473 triduo

223 1494 447 1534 maceratis,
468 1492 641 1528 subactis
662 1504 708 1528 ac
728 1491 809 1528 sole
830 1493 998 1527 siccatis.
1053 1490 1145 1527 inde
1165 1490 1343 1540 pastillos
1364 1493 1403 1526 in

223 1558 326 1594 panc
352 1544 536 1581 faciendo
561 1544 707 1581 dilutos
733 1558 822 1581 cum
848 1544 1068 1595 similagine
1093 1547 1252 1581 seminis
1278 1543 1404 1580 ferve-

274 1647 284 1665 ¹
310 1646 471 1686 Helles-een
487 1658 493 1676 :
525 1647 595 1677 sine
614 1656 681 1686 qua
699 1646 866 1685 (lacurnam
884 1646 930 1678 vel
947 1646 1055 1677 solida
1073 1645 1251 1686 Maylvoff).

272 1690 284 1707 ²
305 1694 428 1719 exeant*
455 1689 642 1721 Rufa-ham:
681 1693 806 1721 exeunt
834 1689 1011 1729 (quoniam
1039 1688 1120 1719 solia
1146 1690 1302 1720 exuunt?
1329 1687 1401 1720 coll.

213 1731 372 1772 Tleeoplzr.
389 1732 622 1772 φυλλοβολοῦσι
638 1732 814 1772 MayhoJJ).

273 1776 286 1794 ³
311 1776 506 1806 Hardouin:
531 1777 694 1806 emactari
711 1780 768 1806 aa!
784 1776 976 1806 emacerari.

266 1911 280 1926 ⁸
303 1906 335 1937 It
353 1907 451 1938 made
468 1916 488 1937 a
504 1917 586 1948 very
602 1908 663 1938 hot
678 1906 778 1938 small
792 1907 861 1939 fire.

268 1949 280 1968 ⁶
306 1951 430 1981 Italian
449 1950 568 1981 millet.

267 1998 277 2011 ‘
303 1993 472 2033 Probably
502 1994 562 2024 the
592 1993 696 2024 tribes
731 1997 767 2023 at
796 1993 856 2024 the
885 1996 1019 2024 eastern
1050 1993 1116 2024 and
1147 1991 1400 2024 south-eastern

224 2036 288 2066 end
306 2036 344 2066 of
357 2036 414 2067 the
432 2036 537 2067 Black
555 2035 618 2067 Sea
633 2046 689 2068 are
706 2041 832 2067 meant.

222 2108 289 2144 25²
