1486 2359
95 278 154 310 178

95 627 154 659 179

94 907 154 939 180

96 1535 150 1566 181

391 170 579 208 PLINY:
624 171 886 209 NATURAL
924 172 958 208 H
967 171 1159 209 ISTORY

233 273 379 310 LVIII.
415 274 526 311 Idem
546 280 685 311 eontra
714 273 912 318 formicas,
934 288 1011 311 non
1041 277 1247 311 minimum
1277 274 1360 311 hor-

181 349 312 380 torum
331 346 497 380 exitium
513 346 544 380 si
566 357 643 380 non
662 346 740 381 sint
762 346 877 394 rigui,
894 344 1114 381 remedium
1131 347 1365 382 monstravit

183 412 319 449 limum
344 415 540 450 marinum
564 419 634 450 aut
653 416 827 450 cinerem
851 414 1083 463 opturandis
1108 427 1245 451 earum
1264 413 1364 451 fora-

182 483 364 520 minibus.
401 483 471 519 sed
485 483 752 520 efficacissime
766 482 1001 533 heliotropio
1014 482 1137 520 herba
1151 490 1344 521 necantur
1357 496 1365 527 ;

183 553 344 602 quidam
375 559 416 589 et
445 566 590 603 aquam
620 553 746 590 diluto
774 553 901 590 latere
930 553 1051 590 crudo
1079 556 1278 591 inimicam
1306 553 1365 590 his

182 628 340 672 putant.
387 636 580 672 naporum
600 623 797 660 medicina
812 625 891 660 ervi
905 623 1054 674 aliquid
1068 636 1146 660 una
1158 626 1250 668 seri,
1265 625 1365 661 sicut

182 692 332 729 olerum
346 695 461 736 cicer,
475 699 584 730 arcet
599 695 705 730 enim
719 706 871 730 urucas.
927 706 1005 743 quo
1018 696 1049 730 si
1064 695 1207 730 omisso
1221 699 1366 730 enatae

182 764 274 806 sint,
295 762 471 799 remedio
492 768 553 799 est
581 761 752 799 absinthi
773 776 888 800 sucus
909 762 1063 800 decocti
1085 765 1283 813 inspersus
1304 763 1365 800 vel

182 832 265 869 sedi
280 846 287 869 ε
317 845 442 882 genus
456 831 529 869 hoc
544 831 693 869 herbae
707 846 826 883 quam
841 832 903 869 alii
917 834 1063 881 ἀείζωον
1080 832 1254 878 vocant‚¹
1267 832 1364 870 dixi-

182 915 280 939 mus.
323 915 461 939 semen
480 902 631 939 olerum
647 905 678 939 si
695 916 787 939 suco
804 905 886 939 eius
903 901 1178 940 madefactum
1197 909 1367 947 seratur,

182 972 289 1009 olera
328 972 423 1009 nulli
463 972 693 1009 animalium
723 972 894 1009 obnoxia
928 972 1062 1009 futura
1095 972 1284 1016 tradunt3
1327 974 1366 1010 in

181 1047 313 1079 totum
334 1055 425 1079 vero
446 1045 579 1079 necari
600 1055 741 1079 urucas
758 1045 788 1079 si
809 1042 901 1092 palo
923 1045 1165 1092 inponantur
1184 1044 1224 1079 in
1243 1041 1366 1080 hortis

182 1125 269 1149 ossa
302 1115 442 1162 capitis
476 1126 525 1149 ex
558 1115 703 1163 equino
734 1125 897 1162 genere,
929 1112 1102 1149 feminae
1135 1112 1362 1150 dumtaxat.

182 1181 368 1218 adversus
380 1194 521 1218 urucas
535 1188 577 1218 et
593 1195 779 1219 cancrum
796 1181 1029 1219 fluviatilem
1046 1185 1084 1218 in
1101 1182 1237 1219 medio
1252 1181 1367 1219 horto

182 1265 415 1301 suspensum
452 1251 630 1288 auxiliari
667 1258 853 1295 narrant;
903 1258 994 1289 sunt
1031 1255 1097 1303 qui
1133 1254 1363 1303 sanguineis

182 1324 298 1371 virgis
336 1327 506 1372 tangant
546 1335 594 1358 ea
633 1335 735 1372 quae
775 1322 914 1359 nolunt
953 1321 1016 1358 his
1055 1322 1228 1358 obnoxia
1266 1334 1365 1359 esse.

183 1391 376 1428 infestant
405 1398 447 1428 et
475 1392 618 1429 culices
648 1394 778 1442 riguos
808 1391 956 1435 hortos,
984 1394 1198 1441 praecipue
1228 1394 1259 1428 si
1287 1394 1366 1429 sint

183 1461 415 1498 arbusculae
435 1461 613 1511 aliquae3
647 1460 686 1498 hi
706 1461 880 1512 galbano
900 1475 1065 1498 accenso
1085 1461 1287 1512 fugantur.

235 1531 336 1567 Nam
369 1531 474 1581 quod
507 1531 557 1568 ad
595 1534 933 1581 permutationem
966 1534 1161 1568 seminum
1203 1533 1366 1574 attinet,

185 1601 422 1650 quibusdam
453 1614 501 1637 ex
531 1600 589 1637 his
620 1601 788 1638 firmitas
819 1604 942 1638 maior
971 1607 1046 1645 est,
1076 1606 1119 1638 ut
1148 1600 1367 1645 coriandro,

183 1670 318 1713 betae,
336 1684 466 1720 porro,
485 1673 696 1713 nasturtio,
714 1673 856 1720 sinapi,
875 1684 1033 1714 erucae,
1049 1670 1204 1707 cunilae
1223 1676 1265 1707 et
1284 1670 1366 1707 sere

184 1740 360 1783 acribus;
435 1740 647 1777 infirmiora
689 1746 824 1777 autem
868 1747 960 1777 sunt
1002 1739 1185 1790 atriplici,
1226 1742 1366 1784 ocimo,

183 1810 427 1853 cucurbitae,
447 1812 615 1854 cucumi,
636 1816 677 1847 et
698 1813 850 1847 aestiva
871 1813 1003 1847 omnia
1024 1809 1196 1846 hibernis
1214 1800 1366 1860 magi33

183 1882 345 1916 minime
379 1886 515 1916 autem
543 1879 690 1917 durat²
724 1879 932 1930 gethyum.
994 1879 1064 1916 sed
1094 1892 1143 1916 ex
1173 1878 1232 1916 his
1262 1892 1365 1930 quae

330 1998 341 2017 ¹
367 2007 470 2038 quam
495 2022 502 2028 .
529 2021 535 2028 .
563 2022 569 2028 .
596 2001 722 2029 vocant,
739 1997 790 2028 hic
809 1997 983 2038 Mayhoss:
1009 2001 1084 2029 ante
1099 2007 1215 2039 genus.

328 2041 339 2059 ²
365 2040 538 2081 Mayhoff:
564 2040 691 2072 durant
708 2041 846 2072 minime
863 2044 990 2072 autem.

186 2111 254 2148 534
