<?xml version="1.0" encoding="UTF-8"?>
<!DOCTYPE html PUBLIC "-//W3C//DTD XHTML 1.0 Transitional//EN"
    "http://www.w3.org/TR/xhtml1/DTD/xhtml1-transitional.dtd">
<html xmlns="http://www.w3.org/1999/xhtml" xml:lang="en" lang="en">
 <head>
  <title>
</title>
<meta http-equiv="Content-Type" content="text/html;charset=utf-8" />
  <meta name='ocr-system' content='tesseract 3.04.00' />
  <meta name='ocr-capabilities' content='ocr_page ocr_carea ocr_par ocr_line ocrx_word'/>
</head>
<body>
  <div class='ocr_page' id='page_1' title='image "./naturalhistory05plinuoft_0278.png"; bbox 0 0 1486 2359; ppageno 0'>
   <div class='ocr_carea' id='block_1_1' title="bbox 104 677 162 707">
    <p class='ocr_par' dir='ltr' id='par_1_1' title="bbox 104 677 162 707">
     <span class='ocr_line' id='line_1_1' title="bbox 104 677 162 707; baseline 0.017 -1"><span class='ocrx_word' id='word_1_1' title='bbox 104 677 162 707; x_wconf 79' lang='lat'><strong>119</strong></span> 
     </span>
    </p>
   </div>
   <div class='ocr_carea' id='block_1_2' title="bbox 102 1320 162 1351">
    <p class='ocr_par' dir='ltr' id='par_1_2' title="bbox 102 1320 162 1351">
     <span class='ocr_line' id='line_1_2' title="bbox 102 1320 162 1351; baseline 0.017 -1"><span class='ocrx_word' id='word_1_2' title='bbox 102 1320 162 1351; x_wconf 85' lang='lat'><strong>120</strong></span> 
     </span>
    </p>
   </div>
   <div class='ocr_carea' id='block_1_3' title="bbox 389 164 1168 203">
    <p class='ocr_par' dir='ltr' id='par_1_3' title="bbox 389 164 1168 203">
     <span class='ocr_line' id='line_1_3' title="bbox 389 164 1168 203; baseline 0 -1"><span class='ocrx_word' id='word_1_3' title='bbox 389 165 576 202; x_wconf 72' lang='lat' dir='ltr'>PLINY:</span> <span class='ocrx_word' id='word_1_4' title='bbox 629 165 893 203; x_wconf 85' lang='lat' dir='ltr'>NATURAL</span> <span class='ocrx_word' id='word_1_5' title='bbox 931 164 1168 203; x_wconf 90' lang='lat' dir='ltr'>HISTORY</span> 
     </span>
    </p>
   </div>
   <div class='ocr_carea' id='block_1_4' title="bbox 187 267 1373 1768">
    <p class='ocr_par' dir='ltr' id='par_1_4' title="bbox 187 267 1373 1286">
     <span class='ocr_line' id='line_1_4' title="bbox 189 267 1369 319; baseline -0.002 -13"><span class='ocrx_word' id='word_1_6' title='bbox 189 271 315 319; x_wconf 85' lang='lat' dir='ltr'><strong>prisco</strong></span> <span class='ocrx_word' id='word_1_7' title='bbox 342 271 419 305; x_wconf 90' lang='lat' dir='ltr'><strong>ritu</strong></span> <span class='ocrx_word' id='word_1_8' title='bbox 446 268 532 318; x_wconf 81' lang='lat' dir='ltr'><strong>puls</strong></span> <span class='ocrx_word' id='word_1_9' title='bbox 558 267 725 304; x_wconf 85' lang='lat' dir='ltr'><strong>fabatal</strong></span> <span class='ocrx_word' id='word_1_10' title='bbox 746 281 842 305; x_wconf 86' lang='lat' dir='ltr'><strong>suae</strong></span> <span class='ocrx_word' id='word_1_11' title='bbox 868 267 1068 318; x_wconf 85' lang='lat' dir='ltr'>religionis</span> <span class='ocrx_word' id='word_1_12' title='bbox 1093 268 1166 305; x_wconf 88' lang='lat' dir='ltr'><strong>diis</strong></span> <span class='ocrx_word' id='word_1_13' title='bbox 1192 269 1233 304; x_wconf 90' lang='lat' dir='ltr'><strong>in</strong></span> <span class='ocrx_word' id='word_1_14' title='bbox 1256 280 1369 305; x_wconf 82' lang='lat' dir='ltr'><strong>sacro</strong></span> 
     </span>
     <span class='ocr_line' id='line_1_5' title="bbox 191 346 1369 398; baseline 0 -14"><span class='ocrx_word' id='word_1_15' title='bbox 191 355 263 385; x_wconf 83' lang='lat' dir='ltr'><strong>est.</strong></span> <span class='ocrx_word' id='word_1_16' title='bbox 303 347 535 398; x_wconf 77' lang='lat' dir='ltr'><strong>praevalens</strong></span> <span class='ocrx_word' id='word_1_17' title='bbox 548 347 802 398; x_wconf 85' lang='lat' dir='ltr'><strong>pulmentarii</strong></span> <span class='ocrx_word' id='word_1_18' title='bbox 817 348 905 385; x_wconf 87' lang='lat' dir='ltr'><strong>cibo</strong></span> <span class='ocrx_word' id='word_1_19' title='bbox 920 354 983 385; x_wconf 84' lang='lat' dir='ltr'><strong>set</strong></span> <span class='ocrx_word' id='word_1_20' title='bbox 994 348 1010 371; x_wconf 86' lang='lat'><strong>²</strong></span> <span class='ocrx_word' id='word_1_21' title='bbox 1025 346 1219 385; x_wconf 77' lang='lat' dir='ltr'><strong>hebetare</strong></span> <span class='ocrx_word' id='word_1_22' title='bbox 1232 360 1369 385; x_wconf 88' lang='lat' dir='ltr'><strong>sensus</strong></span> 
     </span>
     <span class='ocr_line' id='line_1_6' title="bbox 191 427 1371 479; baseline -0.001 -14"><span class='ocrx_word' id='word_1_23' title='bbox 191 432 435 472; x_wconf 75' lang='lat' dir='ltr'><strong>existimata,</strong></span> <span class='ocrx_word' id='word_1_24' title='bbox 458 431 652 465; x_wconf 85' lang='lat' dir='ltr'><strong>insomnia</strong></span> <span class='ocrx_word' id='word_1_25' title='bbox 675 442 834 479; x_wconf 87' lang='lat' dir='ltr'><strong>quoque</strong></span> <span class='ocrx_word' id='word_1_26' title='bbox 857 428 1004 473; x_wconf 89' lang='lat' dir='ltr'><strong>facere,</strong></span> <span class='ocrx_word' id='word_1_27' title='bbox 1027 428 1078 465; x_wconf 92' lang='lat' dir='ltr'><strong>ob</strong></span> <span class='ocrx_word' id='word_1_28' title='bbox 1100 427 1199 466; x_wconf 84' lang='lat' dir='ltr'><strong>haec</strong></span> <span class='ocrx_word' id='word_1_29' title='bbox 1222 427 1371 479; x_wconf 81' lang='lat' dir='ltr'><strong>Pytha-</strong></span> 
     </span>
     <span class='ocr_line' id='line_1_7' title="bbox 189 508 1369 560; baseline -0.001 -14"><span class='ocrx_word' id='word_1_30' title='bbox 189 512 346 560; x_wconf 84' lang='lat' dir='ltr'><strong>goricae</strong></span> <span class='ocrx_word' id='word_1_31' title='bbox 376 512 602 546; x_wconf 80' lang='lat' dir='ltr'><strong>sententiae</strong></span> <span class='ocrx_word' id='word_1_32' title='bbox 631 509 838 554; x_wconf 84' lang='lat' dir='ltr'><strong>damnata,</strong></span> <span class='ocrx_word' id='word_1_33' title='bbox 865 509 960 546; x_wconf 63' lang='lat' dir='ltr'><strong>aut-*³</strong></span> <span class='ocrx_word' id='word_1_34' title='bbox 988 514 1033 546; x_wconf 87' lang='lat' dir='ltr'><strong>ut</strong></span> <span class='ocrx_word' id='word_1_35' title='bbox 1062 508 1125 545; x_wconf 90' lang='lat' dir='ltr'><strong>alii</strong></span> <span class='ocrx_word' id='word_1_36' title='bbox 1154 509 1369 552; x_wconf 78' lang='lat' dir='ltr'><strong>tradidere,</strong></span> 
     </span>
     <span class='ocr_line' id='line_1_8' title="bbox 191 589 1370 640; baseline 0 -14"><span class='ocrx_word' id='word_1_37' title='bbox 191 593 377 640; x_wconf 87' lang='lat' dir='ltr'><strong>quoniam</strong></span> <span class='ocrx_word' id='word_1_38' title='bbox 398 596 643 627; x_wconf 89' lang='lat' dir='ltr'><strong>mortuorum</strong></span> <span class='ocrx_word' id='word_1_39' title='bbox 665 593 823 627; x_wconf 86' lang='lat' dir='ltr'><strong>animae</strong></span> <span class='ocrx_word' id='word_1_40' title='bbox 842 592 921 627; x_wconf 90' lang='lat' dir='ltr'><strong>sint</strong></span> <span class='ocrx_word' id='word_1_41' title='bbox 941 592 981 626; x_wconf 88' lang='lat' dir='ltr'><strong>in</strong></span> <span class='ocrx_word' id='word_1_42' title='bbox 1001 602 1064 634; x_wconf 86' lang='lat' dir='ltr'><strong>ea,</strong></span> <span class='ocrx_word' id='word_1_43' title='bbox 1083 602 1162 640; x_wconf 86' lang='lat' dir='ltr'><strong>qua</strong></span> <span class='ocrx_word' id='word_1_44' title='bbox 1181 589 1232 627; x_wconf 90' lang='lat' dir='ltr'><strong>de</strong></span> <span class='ocrx_word' id='word_1_45' title='bbox 1251 602 1370 627; x_wconf 83' lang='lat' dir='ltr'><strong>causa</strong></span> 
     </span>
     <span class='ocr_line' id='line_1_9' title="bbox 191 669 1370 721; baseline 0.001 -15"><span class='ocrx_word' id='word_1_46' title='bbox 191 670 440 720; x_wconf 78' lang='lat' dir='ltr'><strong>parentando</strong></span> <span class='ocrx_word' id='word_1_47' title='bbox 479 673 617 721; x_wconf 83' lang='lat' dir='ltr'><strong>utique</strong></span> <span class='ocrx_word' id='word_1_48' title='bbox 655 670 888 708; x_wconf 82' lang='lat' dir='ltr'><strong>adsumitur.</strong></span> <span class='ocrx_word' id='word_1_49' title='bbox 945 669 1068 707; x_wconf 82' lang='lat' dir='ltr'><strong>Varro</strong></span> <span class='ocrx_word' id='word_1_50' title='bbox 1105 676 1147 707; x_wconf 87' lang='lat' dir='ltr'><strong>et</strong></span> <span class='ocrx_word' id='word_1_51' title='bbox 1184 670 1235 707; x_wconf 92' lang='lat' dir='ltr'><strong>ob</strong></span> <span class='ocrx_word' id='word_1_52' title='bbox 1271 669 1370 707; x_wconf 86' lang='lat' dir='ltr'><strong>haec</strong></span> 
     </span>
     <span class='ocr_line' id='line_1_10' title="bbox 191 750 1371 801; baseline 0.001 -14"><span class='ocrx_word' id='word_1_53' title='bbox 191 751 390 788; x_wconf 81' lang='lat' dir='ltr'><strong>flaminem</strong></span> <span class='ocrx_word' id='word_1_54' title='bbox 412 764 459 788; x_wconf 84' lang='lat' dir='ltr'><strong>ea</strong></span> <span class='ocrx_word' id='word_1_55' title='bbox 480 765 557 788; x_wconf 92' lang='lat' dir='ltr'><strong>non</strong></span> <span class='ocrx_word' id='word_1_56' title='bbox 577 754 680 788; x_wconf 85' lang='lat' dir='ltr'><strong>vesci</strong></span> <span class='ocrx_word' id='word_1_57' title='bbox 698 751 824 788; x_wconf 86' lang='lat' dir='ltr'><strong>tradit</strong></span> <span class='ocrx_word' id='word_1_58' title='bbox 845 757 886 788; x_wconf 88' lang='lat' dir='ltr'><strong>et</strong></span> <span class='ocrx_word' id='word_1_59' title='bbox 906 754 1093 801; x_wconf 86' lang='lat' dir='ltr'><strong>quoniam</strong></span> <span class='ocrx_word' id='word_1_60' title='bbox 1114 753 1153 787; x_wconf 90' lang='lat' dir='ltr'><strong>in</strong></span> <span class='ocrx_word' id='word_1_61' title='bbox 1173 750 1268 788; x_wconf 86' lang='lat' dir='ltr'><strong>flore</strong></span> <span class='ocrx_word' id='word_1_62' title='bbox 1288 753 1371 788; x_wconf 87' lang='lat' dir='ltr'><strong>eius</strong></span> 
     </span>
     <span class='ocr_line' id='line_1_11' title="bbox 191 831 1372 883; baseline -0.001 -14"><span class='ocrx_word' id='word_1_63' title='bbox 191 832 348 869; x_wconf 79' lang='lat' dir='ltr'><strong>litterae</strong></span> <span class='ocrx_word' id='word_1_64' title='bbox 381 831 567 883; x_wconf 82' lang='lat' dir='ltr'><strong>lugubres</strong></span> <span class='ocrx_word' id='word_1_65' title='bbox 600 834 861 882; x_wconf 82' lang='lat' dir='ltr'><strong>reperiantur.</strong></span> <span class='ocrx_word' id='word_1_66' title='bbox 918 834 956 868; x_wconf 93' lang='lat' dir='ltr'><strong>in</strong></span> <span class='ocrx_word' id='word_1_67' title='bbox 989 831 1133 869; x_wconf 90' lang='lat' dir='ltr'><strong>eadem</strong></span> <span class='ocrx_word' id='word_1_68' title='bbox 1164 831 1372 882; x_wconf 86' lang='lat' dir='ltr'><strong>peculiaris</strong></span> 
     </span>
     <span class='ocr_line' id='line_1_12' title="bbox 190 911 1371 963; baseline 0.001 -15"><span class='ocrx_word' id='word_1_69' title='bbox 190 913 340 963; x_wconf 79' lang='lat' dir='ltr'><strong>religio.</strong></span> <span class='ocrx_word' id='word_1_70' title='bbox 358 926 532 963; x_wconf 86' lang='lat' dir='ltr'><strong>namque</strong></span> <span class='ocrx_word' id='word_1_71' title='bbox 548 912 683 949; x_wconf 85' lang='lat' dir='ltr'><strong>fabam</strong></span> <span class='ocrx_word' id='word_1_72' title='bbox 701 915 840 963; x_wconf 88' lang='lat' dir='ltr'><strong>utique</strong></span> <span class='ocrx_word' id='word_1_73' title='bbox 858 925 908 949; x_wconf 82' lang='lat' dir='ltr'><strong>ex</strong></span> <span class='ocrx_word' id='word_1_74' title='bbox 925 912 1104 960; x_wconf 70' lang='lat' dir='ltr'><strong>frugibus</strong></span> <span class='ocrx_word' id='word_1_75' title='bbox 1121 911 1270 949; x_wconf 87' lang='lat' dir='ltr'><strong>referre</strong></span> <span class='ocrx_word' id='word_1_76' title='bbox 1287 925 1371 949; x_wconf 90' lang='lat' dir='ltr'><strong>mos</strong></span> 
     </span>
     <span class='ocr_line' id='line_1_13' title="bbox 188 992 1373 1044; baseline 0 -14"><span class='ocrx_word' id='word_1_77' title='bbox 188 999 249 1030; x_wconf 78' lang='lat' dir='ltr'><strong>est</strong></span> <span class='ocrx_word' id='word_1_78' title='bbox 270 996 431 1043; x_wconf 76' lang='lat' dir='ltr'><strong>auspicii</strong></span> <span class='ocrx_word' id='word_1_79' title='bbox 451 1007 585 1037; x_wconf 86' lang='lat' dir='ltr'><strong>causa,</strong></span> <span class='ocrx_word' id='word_1_80' title='bbox 605 1007 709 1044; x_wconf 89' lang='lat' dir='ltr'><strong>quae</strong></span> <span class='ocrx_word' id='word_1_81' title='bbox 729 993 819 1031; x_wconf 85' lang='lat' dir='ltr'><strong>ideo</strong></span> <span class='ocrx_word' id='word_1_82' title='bbox 843 993 1012 1030; x_wconf 76' lang='lat' dir='ltr'><strong>referiva</strong></span> <span class='ocrx_word' id='word_1_83' title='bbox 1039 992 1276 1043; x_wconf 86' lang='lat' dir='ltr'><strong>appellatur.</strong></span> <span class='ocrx_word' id='word_1_84' title='bbox 1331 999 1373 1030; x_wconf 87' lang='lat' dir='ltr'><strong>et</strong></span> 
     </span>
     <span class='ocr_line' id='line_1_14' title="bbox 189 1073 1372 1123; baseline 0 -13"><span class='ocrx_word' id='word_1_85' title='bbox 189 1074 438 1111; x_wconf 78' lang='lat' dir='ltr'><strong>auctionibus</strong></span> <span class='ocrx_word' id='word_1_86' title='bbox 478 1073 668 1111; x_wconf 89' lang='lat' dir='ltr'><strong>adhibere</strong></span> <span class='ocrx_word' id='word_1_87' title='bbox 709 1087 800 1111; x_wconf 88' lang='lat' dir='ltr'><strong>eam</strong></span> <span class='ocrx_word' id='word_1_88' title='bbox 840 1073 1036 1111; x_wconf 88' lang='lat' dir='ltr'><strong>lucrosum</strong></span> <span class='ocrx_word' id='word_1_89' title='bbox 1076 1079 1235 1123; x_wconf 86' lang='lat' dir='ltr'><strong>putant.</strong></span> <span class='ocrx_word' id='word_1_90' title='bbox 1289 1073 1372 1110; x_wconf 89' lang='lat' dir='ltr'><strong>sola</strong></span> 
     </span>
     <span class='ocr_line' id='line_1_15' title="bbox 187 1153 1371 1205; baseline 0 -14"><span class='ocrx_word' id='word_1_91' title='bbox 187 1161 297 1192; x_wconf 86' lang='lat' dir='ltr'><strong>certe</strong></span> <span class='ocrx_word' id='word_1_92' title='bbox 327 1154 486 1205; x_wconf 88' lang='lat' dir='ltr'><strong>frugum</strong></span> <span class='ocrx_word' id='word_1_93' title='bbox 517 1157 640 1192; x_wconf 88' lang='lat' dir='ltr'><strong>etiam</strong></span> <span class='ocrx_word' id='word_1_94' title='bbox 671 1168 791 1192; x_wconf 86' lang='lat' dir='ltr'><strong>exesa</strong></span> <span class='ocrx_word' id='word_1_95' title='bbox 822 1154 1000 1205; x_wconf 88' lang='lat' dir='ltr'><strong>repletur</strong></span> <span class='ocrx_word' id='word_1_96' title='bbox 1028 1160 1234 1192; x_wconf 82' lang='lat' dir='ltr'><strong>crescente</strong></span> <span class='ocrx_word' id='word_1_97' title='bbox 1264 1153 1371 1192; x_wconf 89' lang='lat' dir='ltr'><strong>luna.</strong></span> 
     </span>
     <span class='ocr_line' id='line_1_16' title="bbox 189 1235 1116 1286; baseline 0 -15"><span class='ocrx_word' id='word_1_98' title='bbox 189 1248 292 1286; x_wconf 79' lang='lat' dir='ltr'><strong>aqua</strong></span> <span class='ocrx_word' id='word_1_99' title='bbox 313 1239 463 1272; x_wconf 86' lang='lat' dir='ltr'><strong>marina</strong></span> <span class='ocrx_word' id='word_1_100' title='bbox 483 1235 610 1272; x_wconf 80' lang='lat' dir='ltr'><strong>aliave</strong></span> <span class='ocrx_word' id='word_1_101' title='bbox 628 1235 731 1272; x_wconf 81' lang='lat' dir='ltr'><strong>salsa</strong></span> <span class='ocrx_word' id='word_1_102' title='bbox 752 1249 829 1272; x_wconf 91' lang='lat' dir='ltr'><strong>non</strong></span> <span class='ocrx_word' id='word_1_103' title='bbox 849 1237 1116 1285; x_wconf 87' lang='lat' dir='ltr'><strong>percoquitur.</strong></span> 
     </span>
    </p>

    <p class='ocr_par' dir='ltr' id='par_1_5' title="bbox 189 1315 1373 1768">
     <span class='ocr_line' id='line_1_17' title="bbox 239 1315 1369 1367; baseline 0 -15"><span class='ocrx_word' id='word_1_104' title='bbox 239 1315 390 1352; x_wconf 86' lang='lat' dir='ltr'><strong>Seritur</strong></span> <span class='ocrx_word' id='word_1_105' title='bbox 401 1322 497 1353; x_wconf 88' lang='lat' dir='ltr'><strong>ante</strong></span> <span class='ocrx_word' id='word_1_106' title='bbox 509 1315 761 1367; x_wconf 82' lang='lat' dir='ltr'><strong>vergiliarum</strong></span> <span class='ocrx_word' id='word_1_107' title='bbox 774 1329 957 1353; x_wconf 83' lang='lat' dir='ltr'><strong>occasum</strong></span> <span class='ocrx_word' id='word_1_108' title='bbox 969 1315 1216 1366; x_wconf 85' lang='lat' dir='ltr'><strong>leguminum</strong></span> <span class='ocrx_word' id='word_1_109' title='bbox 1228 1317 1369 1365; x_wconf 88' lang='lat' dir='ltr'><strong>prima,</strong></span> 
     </span>
     <span class='ocr_line' id='line_1_18' title="bbox 189 1395 1369 1447; baseline 0.001 -15"><span class='ocrx_word' id='word_1_110' title='bbox 189 1402 234 1433; x_wconf 88' lang='lat' dir='ltr'><strong>ut</strong></span> <span class='ocrx_word' id='word_1_111' title='bbox 263 1396 479 1433; x_wconf 88' lang='lat' dir='ltr'><strong>antecedat</strong></span> <span class='ocrx_word' id='word_1_112' title='bbox 510 1395 695 1434; x_wconf 89' lang='lat' dir='ltr'><strong>hiemem.</strong></span> <span class='ocrx_word' id='word_1_113' title='bbox 751 1396 945 1447; x_wconf 81' lang='lat' dir='ltr'><strong>Vergilius</strong></span> <span class='ocrx_word' id='word_1_114' title='bbox 975 1409 1066 1433; x_wconf 85' lang='lat' dir='ltr'><strong>eam</strong></span> <span class='ocrx_word' id='word_1_115' title='bbox 1096 1409 1167 1446; x_wconf 88' lang='lat' dir='ltr'><strong>per</strong></span> <span class='ocrx_word' id='word_1_116' title='bbox 1196 1409 1265 1433; x_wconf 89' lang='lat' dir='ltr'><strong>ver</strong></span> <span class='ocrx_word' id='word_1_117' title='bbox 1293 1398 1369 1433; x_wconf 86' lang='lat' dir='ltr'><strong>seri</strong></span> 
     </span>
     <span class='ocr_line' id='line_1_19' title="bbox 190 1476 1371 1526; baseline 0.002 -14"><span class='ocrx_word' id='word_1_118' title='bbox 190 1477 300 1513; x_wconf 85' lang='lat' dir='ltr'><strong>iubet</strong></span> <span class='ocrx_word' id='word_1_119' title='bbox 336 1476 669 1526; x_wconf 82' lang='lat' dir='ltr'><strong>circumpadanae</strong></span> <span class='ocrx_word' id='word_1_120' title='bbox 707 1476 849 1513; x_wconf 86' lang='lat' dir='ltr'><strong>Italiae</strong></span> <span class='ocrx_word' id='word_1_121' title='bbox 888 1479 979 1520; x_wconf 86' lang='lat' dir='ltr'><strong>ritu,</strong></span> <span class='ocrx_word' id='word_1_122' title='bbox 1015 1476 1086 1513; x_wconf 85' lang='lat' dir='ltr'><strong>sed</strong></span> <span class='ocrx_word' id='word_1_123' title='bbox 1123 1478 1247 1513; x_wconf 85' lang='lat' dir='ltr'><strong>maior</strong></span> <span class='ocrx_word' id='word_1_124' title='bbox 1282 1489 1371 1526; x_wconf 85' lang='lat' dir='ltr'><strong>pars</strong></span> 
     </span>
     <span class='ocr_line' id='line_1_20' title="bbox 191 1556 1371 1606; baseline 0.001 -14"><span class='ocrx_word' id='word_1_125' title='bbox 191 1556 343 1592; x_wconf 88' lang='lat' dir='ltr'><strong>malunt</strong></span> <span class='ocrx_word' id='word_1_126' title='bbox 378 1556 525 1593; x_wconf 88' lang='lat' dir='ltr'><strong>fabalia</strong></span> <span class='ocrx_word' id='word_1_127' title='bbox 561 1562 742 1593; x_wconf 88' lang='lat' dir='ltr'><strong>maturae</strong></span> <span class='ocrx_word' id='word_1_128' title='bbox 776 1559 940 1593; x_wconf 80' lang='lat' dir='ltr'><strong>sationis</strong></span> <span class='ocrx_word' id='word_1_129' title='bbox 974 1569 1095 1606; x_wconf 89' lang='lat' dir='ltr'><strong>quam</strong></span> <span class='ocrx_word' id='word_1_130' title='bbox 1128 1559 1371 1593; x_wconf 81' lang='lat' dir='ltr'><strong>trimestrem</strong></span> 
     </span>
     <span class='ocr_line' id='line_1_21' title="bbox 190 1636 1373 1688; baseline 0.001 -15"><span class='ocrx_word' id='word_1_131' title='bbox 190 1636 386 1679; x_wconf 58' lang='lat' dir='ltr'><strong>fruc-tunm</strong></span> <span class='ocrx_word' id='word_1_132' title='bbox 423 1640 506 1673; x_wconf 68' lang='lat' dir='ltr'><strong>eius</strong></span> <span class='ocrx_word' id='word_1_133' title='bbox 530 1650 703 1687; x_wconf 85' lang='lat' dir='ltr'><strong>namque</strong></span> <span class='ocrx_word' id='word_1_134' title='bbox 724 1637 890 1688; x_wconf 74' lang='lat' dir='ltr'><strong>siliquae</strong></span> <span class='ocrx_word' id='word_1_135' title='bbox 911 1636 1126 1687; x_wconf 87' lang='lat' dir='ltr'><strong>caulesque</strong></span> <span class='ocrx_word' id='word_1_136' title='bbox 1147 1639 1373 1688; x_wconf 88' lang='lat' dir='ltr'><strong>gratissimo</strong></span> 
     </span>
     <span class='ocr_line' id='line_1_22' title="bbox 189 1717 1372 1768; baseline 0.001 -15"><span class='ocrx_word' id='word_1_137' title='bbox 189 1724 280 1753; x_wconf 83' lang='lat' dir='ltr'><strong>sunt</strong></span> <span class='ocrx_word' id='word_1_138' title='bbox 293 1717 442 1766; x_wconf 88' lang='lat' dir='ltr'><strong>pabulo</strong></span> <span class='ocrx_word' id='word_1_139' title='bbox 454 1720 597 1766; x_wconf 82' lang='lat' dir='ltr'><strong>pecori.</strong></span> <span class='ocrx_word' id='word_1_140' title='bbox 639 1730 763 1768; x_wconf 80' lang='lat' dir='ltr'><strong>aquas</strong></span> <span class='ocrx_word' id='word_1_141' title='bbox 776 1720 813 1754; x_wconf 93' lang='lat' dir='ltr'><strong>in</strong></span> <span class='ocrx_word' id='word_1_142' title='bbox 827 1717 921 1754; x_wconf 86' lang='lat' dir='ltr'><strong>flore</strong></span> <span class='ocrx_word' id='word_1_143' title='bbox 933 1720 1107 1755; x_wconf 85' lang='lat' dir='ltr'><strong>maxime</strong></span> <span class='ocrx_word' id='word_1_144' title='bbox 1117 1720 1372 1767; x_wconf 85' lang='lat' dir='ltr'><strong>concupiscit,</strong></span> 
     </span>
    </p>
   </div>
   <div class='ocr_carea' id='block_1_5' title="bbox 189 1796 1372 1849">
    <p class='ocr_par' dir='ltr' id='par_1_6' title="bbox 189 1796 1372 1849">
     <span class='ocr_line' id='line_1_23' title="bbox 189 1796 1372 1849; baseline 0.001 -15"><span class='ocrx_word' id='word_1_145' title='bbox 189 1811 277 1834; x_wconf 80' lang='lat' dir='ltr'><strong>cuni</strong></span> <span class='ocrx_word' id='word_1_146' title='bbox 302 1811 391 1834; x_wconf 79' lang='lat' dir='ltr'><strong>vero</strong></span> <span class='ocrx_word' id='word_1_147' title='bbox 411 1797 610 1841; x_wconf 82' lang='lat' dir='ltr'><strong>defloruit,</strong></span> <span class='ocrx_word' id='word_1_148' title='bbox 631 1800 795 1848; x_wconf 83' lang='lat' dir='ltr'><strong>exiguas</strong></span> <span class='ocrx_word' id='word_1_149' title='bbox 816 1798 1032 1836; x_wconf 81' lang='lat' dir='ltr'><strong>desiderat.</strong></span> <span class='ocrx_word' id='word_1_150' title='bbox 1088 1796 1214 1835; x_wconf 88' lang='lat' dir='ltr'><strong>solum</strong></span> <span class='ocrx_word' id='word_1_151' title='bbox 1234 1799 1275 1835; x_wconf 89' lang='lat' dir='ltr'><strong>in</strong></span> <span class='ocrx_word' id='word_1_152' title='bbox 1293 1811 1372 1849; x_wconf 91' lang='lat' dir='ltr'><strong>quo</strong></span> 
     </span>
    </p>
   </div>
   <div class='ocr_carea' id='block_1_6' title="bbox 545 1926 1028 2045">
    <p class='ocr_par' dir='ltr' id='par_1_7' title="bbox 545 1926 1028 2045">
     <span class='ocr_line' id='line_1_24' title="bbox 547 1926 1028 1968; baseline 0 -10"><span class='ocrx_word' id='word_1_153' title='bbox 547 1926 557 1944; x_wconf 86' lang='lat'><strong>¹</strong></span> <span class='ocrx_word' id='word_1_154' title='bbox 583 1927 740 1967; x_wconf 77' lang='lat' dir='ltr'><strong>Mayhoff</strong></span> <span class='ocrx_word' id='word_1_155' title='bbox 751 1939 758 1957; x_wconf 90' lang='lat'>:</span> <span class='ocrx_word' id='word_1_156' title='bbox 785 1927 881 1968; x_wconf 79' lang='lat' dir='ltr'><strong>pulsa</strong></span> <span class='ocrx_word' id='word_1_157' title='bbox 898 1927 1028 1959; x_wconf 67' lang='lat' dir='ltr'><strong>fabata.</strong></span> 
     </span>
     <span class='ocr_line' id='line_1_25' title="bbox 546 1970 977 2010; baseline 0.005 -9"><span class='ocrx_word' id='word_1_158' title='bbox 546 1970 558 1988; x_wconf 81' lang='lat'><strong>¹</strong></span> <span class='ocrx_word' id='word_1_159' title='bbox 583 1970 758 2010; x_wconf 75' lang='lat' dir='ltr'><strong>Maylmff:</strong></span> <span class='ocrx_word' id='word_1_160' title='bbox 783 1974 819 2001; x_wconf 82' lang='lat' dir='ltr'><strong>et</strong></span> <span class='ocrx_word' id='word_1_161' title='bbox 834 1976 891 2001; x_wconf 75' lang='lat' dir='ltr'><strong>aul</strong></span> <span class='ocrx_word' id='word_1_162' title='bbox 907 1971 977 2003; x_wconf 78' lang='lat' dir='ltr'><strong>sed.</strong></span> 
     </span>
     <span class='ocr_line' id='line_1_26' title="bbox 545 2012 929 2045; baseline 0 -1"><span class='ocrx_word' id='word_1_163' title='bbox 545 2012 556 2029; x_wconf 81' lang='lat'><strong>³</strong></span> <span class='ocrx_word' id='word_1_164' title='bbox 580 2017 642 2044; x_wconf 74' lang='lat' dir='ltr'><strong>aut</strong></span> <span class='ocrx_word' id='word_1_165' title='bbox 657 2014 732 2044; x_wconf 72' lang='lat' dir='ltr'><strong>add.</strong></span> <span class='ocrx_word' id='word_1_166' title='bbox 752 2013 929 2045; x_wconf 73' lang='lat' dir='ltr'><strong>Bacltham.</strong></span> 
     </span>
    </p>
   </div>
   <div class='ocr_carea' id='block_1_7' title="bbox 189 2091 256 2136">
    <p class='ocr_par' dir='ltr' id='par_1_8' title="bbox 189 2091 256 2136">
     <span class='ocr_line' id='line_1_27' title="bbox 189 2091 256 2136; baseline 0.015 -10"><span class='ocrx_word' id='word_1_167' title='bbox 189 2091 256 2136; x_wconf 76' lang='lat'><strong>264</strong></span> 
     </span>
    </p>
   </div>
  </div>
 </body>
</html>
