1486 2359
151 655 214 686 31w

155 1236 218 1267 310

156 1494 215 1526 311

450 157 639 194 PLINY:
682 155 945 194 NATL‘RAL
982 155 1218 192 HISTORY

241 261 425 299 malificia
438 260 663 304 credentes,
678 265 749 296 aut
764 260 834 296 lin
850 259 1159 296 salsamentariis
1174 258 1281 295 cadis
1297 270 1422 308 gypso

241 326 407 363 inlinant
422 337 431 369 3
461 325 526 362 alii
542 327 609 375 qui
624 324 776 361 lentem
793 330 908 361 aceto
922 324 1174 373 laserpiciato
1188 327 1423 373 respergant

241 394 510 440 siccatamque
524 389 612 426 oleo
625 394 819 439 unguant.
874 389 944 425 sed
957 389 1187 425 brevissima
1201 387 1423 424 observatio

242 455 347 505 quod
364 457 466 491 vitiis
482 467 617 491 carere
634 453 728 491 velis
744 453 957 490 interlunio
973 453 1119 503 legere.
1169 464 1291 502 quare
1306 450 1425 501 pluri-

241 533 350 557 mum
368 519 491 556 refert
507 518 678 556 condere
697 520 782 568 quis
799 517 912 554 malit
929 531 980 554 an
1000 517 1195 560 vendere3
1220 521 1423 553 crescente

244 587 349 621 enim
371 583 464 620 luna
485 582 687 620 frumenta
707 582 988 633 grandescunt.

294 648 476 685 LXXIV.
505 647 694 698 Sequitur
721 660 770 684 ex
797 647 987 684 divisione
1014 652 1240 696 temporum
1268 650 1425 682 autum-

243 727 315 750 nus
348 727 369 749 a
404 712 586 749 fidiculae
617 725 758 749 occasu
791 711 842 748 ad
874 713 1169 761 aequinoctium
1203 723 1248 747 ac
1280 708 1425 746 deinde

244 778 495 828 vergiliarum
545 790 728 814 occasum
778 778 1016 826 initiumque
1069 774 1220 812 hiemis.
1275 776 1314 810 in
1366 772 1425 810 his

244 841 458 879 intervallis
491 841 716 891 significant
748 841 848 890 prid.
881 840 934 878 id.
967 840 1073 890 Aug.
1106 840 1269 876 Atticae
1301 851 1426 888 equus

243 910 372 944 oriens
401 919 581 956 vespera,
609 906 800 956 Aegypto
829 911 872 942 et
901 904 1062 942 Caesari
1091 902 1300 953 delphinus
1328 904 1427 940 occi-

243 972 353 1009 dens.
410 983 448 1008 xi
474 970 552 1007 kal.
579 970 688 1020 Sept.
717 969 878 1007 Caesari
904 975 946 1006 et
972 970 1158 1019 Assyriae
1183 967 1299 1005 stella
1324 979 1426 1018 quae

245 1036 484 1073 vindemitor
503 1035 729 1085 appellatur
748 1037 890 1072 exoriri
909 1047 1027 1071 mane
1048 1035 1184 1083 incipit
1204 1032 1427 1069 vindemiae

244 1103 520 1138 maturitatem
563 1102 824 1150 promittens3
865 1101 949 1135 eius
987 1103 1269 1149 argumentum
1311 1101 1427 1134 erunt

245 1168 345 1203 acini
389 1165 518 1202 colore
561 1167 720 1201 mutati.
776 1164 963 1214 Assyriae
1007 1175 1030 1199 v
1072 1161 1152 1206 kal,
1196 1167 1238 1199 et
1280 1163 1428 1212 sagitta

244 1230 386 1267 occidit
429 1236 470 1266 et
513 1232 664 1266 etesiae
705 1228 905 1266 desinunt.
961 1227 1199 1264 vindemitor
1239 1226 1429 1277 Aegypto

247 1298 357 1332 nonis
381 1297 571 1337 exoritur,
593 1294 756 1330 Atticae
780 1299 958 1330 arcturus
981 1295 1194 1334 matutino,
1217 1296 1259 1328 et
1280 1292 1429 1341 sagitta

245 1359 388 1397 occidit
427 1372 557 1396 mane.
613 1371 636 1394 v
675 1357 727 1395 id.
767 1357 878 1407 Sept.
918 1357 1078 1394 Caesari
1116 1355 1269 1406 capella
1306 1357 1430 1392 oritur

248 1427 415 1474 vesperi.
437 1429 616 1461 arcturus
638 1436 732 1460 vero
756 1422 910 1460 medius
933 1421 1032 1471 prid.
1055 1421 1108 1458 id.
1131 1419 1430 1458 vehementissi-

246 1503 309 1526 mo
335 1489 559 1539 significatu
579 1494 687 1525 terra
707 1490 886 1537 marique
907 1500 978 1536 per
996 1486 1080 1523 dies
1101 1488 1290 1536 quinque.
1329 1486 1430 1520 ratio

248 1556 331 1591 eius
369 1552 468 1590 haec
505 1552 699 1589 traditur:
748 1555 778 1589 si
817 1550 1006 1601 delphino
1039 1550 1246 1588 occidente
1285 1549 1429 1586 imbres

247 1618 409 1659 fuerint,
430 1631 508 1654 non
529 1617 682 1654 futuros
695 1616 711 1640 ²
731 1630 802 1667 per
822 1622 1035 1654 arcturum.
1091 1617 1248 1666 signum
1268 1614 1430 1651 orientis

249 1686 331 1720 eius
373 1682 510 1720 sideris
552 1687 732 1719 servetur
773 1680 1028 1718 hirundinum
1070 1679 1215 1722 abitum
1256 1690 1430 1729 namque

455 1793 464 1811 ¹
490 1795 576 1823 aut?
596 1791 771 1832 Mayhoff:
797 1790 854 1822 alii
871 1791 929 1831 qui
946 1790 1014 1822 edd.
1036 1793 1122 1821 vest:
1147 1789 1215 1820 alii.

454 1836 466 1854 ²
490 1835 667 1866 defuturos
684 1834 793 1873 Silliq.

370 2026 383 2039 ⁸
408 2021 463 2057 Or,
482 2020 563 2052 with
582 2020 704 2062 Sillig's
722 2020 924 2059 conjecture,
944 2023 952 2036 ⁵
964 2019 990 2050 it
1007 2019 1034 2050 is
1050 2028 1126 2050 sure
1143 2021 1180 2049 to
1196 2015 1301 2049 rain'.

249 2084 317 2130 382
