1486 2359
145 247 203 278 174

143 1048 201 1079 176

145 1604 202 1634 177

434 139 622 177 PLINY:
676 139 938 177 NATURAL
976 137 1211 176 HISTORY

282 242 529 280 pedamenta
563 248 729 292 optuma
763 255 866 292 quae
900 242 1070 279 diximus
1104 248 1173 279 aut
1207 242 1356 280 ridicae
1388 255 1410 280 e

231 305 369 341 roboro
391 304 574 354 deaque,
593 306 624 341 si
645 317 723 340 non
744 306 836 348 sint,
855 303 935 353 pali
957 316 978 341 e
999 305 1193 353 iunipero,
1211 317 1413 354 cupresso,

230 365 428 408 labiano)
453 366 612 403 sabuco.
668 365 907 416 reliquorum
931 377 1125 415 generum
1148 365 1266 402 sudes
1290 367 1413 403 omni-

230 427 302 463 bus
326 430 436 464 annis
460 426 719 464 recidantur.²
771 426 1034 463 saluberrima
1057 428 1097 463 in
1120 429 1212 477 iugo
1234 425 1414 465 harundo

229 502 381 526 conexa
406 488 600 525 fasciculis
625 488 742 526 durat
769 491 880 525 annis
906 490 1046 539 quinis.
1100 501 1191 525 cum
1214 488 1414 526 breviores

229 550 415 600 palmites
439 556 643 587 sarmento
666 552 886 600 iunguntur
908 552 1014 587 inter
1036 562 1079 587 se
1103 549 1259 587 funium
1280 550 1415 595 modo,

231 624 279 648 ex
300 611 373 648 hoc
391 625 503 649 arcus
517 612 532 635 ³
551 611 691 648 funeta
709 611 906 648 dicuntur.

280 673 437 710 Tertius
458 676 598 710 vineae
619 686 744 710 annus
765 673 974 723 palmitem
994 672 1171 710 velocem
1190 673 1415 711 robustum-

231 748 308 784 que
327 737 476 771 emittit
495 741 536 771 et
555 748 674 785 quem
693 734 815 771 faeiat
834 740 947 771 aetas
965 737 1111 778 vitem;
1141 733 1204 771 hic
1220 737 1260 771 in
1278 736 1415 786 iugum

231 796 363 833 insilit.
418 796 538 847 aliqui
584 803 672 833 tum
719 802 940 833 excaecant
988 809 1079 833 eum
1125 798 1265 846 supina
1312 795 1414 834 falce

230 858 448 895 auferendo
474 857 621 902 oculos,
649 864 692 895 ut
718 857 872 909 longius
899 864 1080 902 evocent,
1107 860 1226 895 noxia
1251 860 1415 895 iniuria:

231 919 363 957 utilior
381 922 487 957 enim
503 919 752 957 consuetudo
769 919 965 970 pariendi,
982 922 1187 970 satiusque
1205 922 1415 970 pampinos

231 982 448 1032 adiugatae
467 981 680 1032 detergere
699 995 824 1032 usque
844 995 922 1032 quo
940 981 1100 1032 placeat
1118 981 1293 1018 roborari
1310 994 1413 1019 eam.

228 1050 320 1080 sunt
339 1046 406 1094 qui
427 1049 567 1081 vetant
585 1046 698 1093 tangi
718 1046 898 1093 proximo
917 1056 1022 1080 anno
1043 1056 1163 1093 quam
1181 1043 1332 1080 tralata
1350 1045 1415 1088 sit,

231 1118 361 1155 neque
375 1111 469 1141 ante
484 1117 530 1142 Lx
543 1118 721 1142 mensem
735 1104 839 1142 falce
852 1107 994 1148 curari,
1006 1111 1103 1142 tunc
1117 1110 1253 1142 autem
1267 1104 1319 1142 ad
1334 1110 1415 1142 tres

230 1180 409 1216 gemmas
422 1166 554 1204 recidi.
603 1166 667 1203 alii
681 1172 722 1204 et
734 1169 914 1216 proximo
927 1166 1087 1217 quidem
1101 1179 1204 1203 anno
1217 1165 1413 1212 recidunt,

230 1229 301 1265 sed
337 1234 381 1265 ut
416 1234 551 1265 ternos
588 1234 854 1279 quaternosve
891 1228 1053 1279 singulis
1089 1230 1202 1265 annis
1238 1227 1415 1266 adiciant

230 1290 429 1334 articulos,
454 1296 598 1340 quarto
623 1291 786 1328 demum
811 1290 1034 1340 perducant
1058 1290 1110 1328 ad
1135 1292 1284 1341 iugum.
1339 1290 1384 1328 fit
1399 1290 1415 1313 ⁴

231 1355 431 1402 utrimque
468 1352 601 1389 fructu
636 1353 810 1396 tardum,
846 1358 1059 1402 praeterea
1097 1352 1335 1390 retorridum
1371 1358 1414 1389 et

231 1414 423 1451 nodosum
450 1414 712 1463 pumilionum
740 1417 999 1452 incremento.
1054 1417 1251 1464 optimum
1277 1419 1413 1451 autem

231 1482 400 1512 matrem
433 1489 518 1512 esse
550 1476 718 1520 firmam,
748 1482 891 1525 postea
921 1475 1049 1513 fetum
1081 1475 1287 1513 audacem.
1342 1488 1414 1513 nec

230 1542 363 1574 tufum
377 1543 437 1574 est
451 1537 556 1588 quod
567 1540 860 1581 cicatricosum,
874 1550 1021 1588 magno
1032 1540 1256 1587 imperitiae
1269 1549 1414 1575 errore:

230 1599 422 1649 quidquid
443 1605 504 1636 est
524 1598 607 1636 tale
627 1599 754 1650 plagis
776 1601 965 1643 nascitur,
986 1613 1063 1636 non
1085 1612 1106 1636 e
1126 1604 1269 1636 matre.
1306 1604 1414 1637 totas

273 1684 284 1702 ¹
310 1683 507 1715 Hermolaus
530 1684 667 1723 (lam-u?
695 1684 765 1716 coll.
795 1684 923 1716 Colum.
952 1684 1143 1725 Mayhoffj:
1181 1683 1260 1716 alba
1286 1683 1413 1726 populo

233 1727 457 1766 Warminqton
476 1728 548 1759 coll.
567 1728 583 1768 ξ
604 1728 683 1759 143:
710 1727 864 1759 alburno.

274 1771 285 1788 ²
308 1770 498 1801 Rufa-ham:
524 1771 731 1802 reciduntur.

267 1813 280 1832 ³
303 1823 399 1844 arcus
416 1813 567 1852 <facti>?
592 1813 782 1846 Rackham:
809 1813 940 1853 (fiunt)
958 1813 1015 1854 qui
1031 1813 1077 1845 vel
1094 1812 1162 1853 <f.>
1175 1823 1264 1854 quae
1283 1812 1409 1845 Warm-

227 1855 349 1895 inqton.

274 1900 284 1918 ⁴
309 1899 373 1930 fit?
394 1899 551 1940 Maylzoss
563 1899 653 1939 (ideo
669 1900 756 1941 edd.)
771 1911 779 1931 ι
803 1899 849 1931 id.

267 1984 282 1998 ⁰
306 1980 377 2011 Viz.
397 1979 578 2021 especially
597 1980 758 2012 chestnut
776 1980 886 2017 wood,
905 1981 921 2020 ᾖ
941 1981 1001 2012 147
1020 1980 1054 2012 ff.

267 2022 279 2041 ⁶
305 2023 330 2053 A
349 2024 624 2062 ‹·‹·nj‹·cture-or
641 2023 788 2064 perhaps
805 2022 883 2054 read
902 2027 910 2040 ‘
923 2022 1026 2055 laurei
1039 2022 1047 2036 ‘
1064 2033 1102 2054 or
1119 2027 1127 2040 ‘
1139 2022 1241 2054 white
1259 2021 1378 2064 poplar
1390 2023 1410 2055 '.

232 2079 299 2103 120
