1486 2359
125 371 188 402 288

125 960 188 992 285»

129 1315 190 1345 29η

130 1669 187 1699 2101

423 144 588 181 PLINY
603 157 612 181 ι
655 142 918 181 NATURAL
954 141 1191 180 HISTORY

215 261 344 298 neque
375 261 465 284 rura
494 247 608 284 rore1
635 247 792 284 sordida
822 245 936 283 ffise²
962 246 1264 283 velim—exurit
1290 247 1394 282 enim

216 307 401 355 frigidum
432 307 539 343 sidus
569 308 715 343 arcturi
745 305 934 355 postridie
963 305 1241 342 occidens—et
1271 303 1398 341 multo

214 369 342 402 minus
379 365 639 415 plenilunium
677 364 864 401 incidere.
919 376 958 400 ιν
995 377 1086 400 non.
1127 363 1214 400 Iun.
1251 365 1396 400 iterum

215 424 347 475 aquila
386 427 563 461 exoritur
601 426 768 473 vesperi,
805 423 1028 460 decretorio
1065 422 1129 459 die
1166 421 1397 459 florentibus

215 483 310 520 oleis
356 483 581 533 vitibusque
628 485 658 519 si
706 481 965 532 plenilunium
1012 483 1052 517 in
1099 494 1189 518 eum
1236 479 1397 518 incidat.

216 542 402 593 equidem
434 548 474 579 et
505 541 717 578 solstitium
750 553 821 577 vm
851 540 930 577 kal.
964 539 1036 577 Iul.
1068 543 1108 577 in
1137 539 1250 577 simili
1280 552 1399 576 causa

215 601 396 638 duxerim
418 607 458 638 et
477 603 585 637 canis
605 606 736 638 ortum
756 605 845 650 post
865 599 949 636 dies
969 612 991 635 a
1010 598 1179 636 solstitio
1198 610 1311 642 xxm,
1328 598 1399 635 sed

216 660 428 697 interlunio
455 659 677 703 accidente,
705 661 893 710 quoniam
923 671 1067 708 vapore
1095 663 1253 695 constat
1281 656 1396 708 culpa

216 723 396 770 acinique
414 725 703 769 praecocuntur
720 721 758 755 in
775 717 934 756 callum.
991 730 1122 754 rursus
1139 715 1399 767 plenilunium

217 786 332 816 nocet
346 792 382 816 a.
396 778 434 816 d.
450 791 488 815 1v
502 791 592 815 non.
609 777 698 821 Iul.‚
709 791 800 815 cum
814 778 1006 827 Aegypto
1018 775 1197 814 canicula
1210 778 1399 820 exoritur,

217 838 278 874 vel
303 844 413 875 certe
440 850 504 874 xvl
531 837 610 874 kal.
638 837 743 885 Aug.
770 850 860 874 cum
890 835 1056 879 Italiae3
1097 837 1194 872 item
1222 846 1294 872 xm
1320 833 1399 871 kal.

217 898 337 946 Augu,
366 910 456 933 cum
487 896 620 946 aquila
649 895 806 937 occidit,
836 908 963 945 usque
993 897 1032 931 in
1061 907 1084 931 x
1113 893 1193 931 kal.
1224 893 1398 931 easdem.

217 962 331 992 extra
351 955 421 991 has
440 968 579 992 causas
599 961 691 991 sunt
712 954 869 991 Vinalia
888 954 1029 997 altera,
1049 965 1152 1003 quae
1172 958 1346 1004 aguntur
1364 965 1399 990 a,

217 1015 255 1051 d.
273 1027 335 1050 xiv
351 1014 429 1051 kal.
446 1013 556 1064 Sept.
614 1013 737 1050 Varro
753 1027 800 1049 ea
822 1012 978 1050 fidicula
993 1014 1207 1062 incipiente
1223 1011 1400 1048 occidere

217 1087 333 1110 mane
363 1073 620 1115 determinat,
650 1072 756 1123 quod
786 1071 867 1108 vult
909 1074 1064 1108 initium
1095 1073 1274 1107 autumni
1315 1083 1401 1107 esse

219 1139 259 1169 et
281 1132 384 1170 hunc
405 1133 510 1170 diem
534 1131 681 1169 festum
702 1131 1013 1181 tempestatibus
1033 1129 1225 1167 leniendis
1245 1131 1400 1168 institu-

217 1198 327 1229 tum:
381 1206 483 1229 nunc
523 1191 720 1229 fidiculam
760 1190 938 1228 occidere
977 1204 1012 1227 a.
1051 1189 1089 1227 d.
1128 1201 1166 1225 vt
1204 1188 1256 1226 id.
1295 1189 1399 1240 Aug.

218 1257 408 1288 servatur.

270 1310 380 1347 Intra
431 1309 529 1347 haec
580 1316 738 1347 constat
787 1308 970 1346 caelestis
1020 1307 1222 1351 sterilitas,
1271 1320 1401 1358 neque

221 1372 448 1416 negaverim
472 1382 586 1418 posse
607 1382 696 1405 eam
718 1370 937 1418 permutari
957 1367 1177 1417 algentium
1193 1366 1209 1390 ³
1228 1365 1400 1404 locorum

221 1435 260 1465 et
282 1429 297 1451 ⁴
336 1431 606 1464 aestuantium
651 1433 807 1464 natura.
862 1427 959 1463 set⁵
996 1439 1019 1462 a
1058 1425 1168 1463 nobis
1205 1427 1399 1462 rationem

218 1487 535 1524 demonstratam
574 1501 659 1523 csse
695 1489 791 1523 satis
828 1492 904 1527 est,
940 1485 1090 1535 reliqua
1125 1484 1401 1522 observatione.

218 1549 408 1596 cuiusque
446 1546 710 1582 constabunt:
763 1544 1000 1581 alterutrum
1040 1543 1202 1594 quidem
1240 1542 1323 1580 fore
1362 1546 1400 1580 in

218 1619 350 1648 causa,
370 1604 442 1642 hoc
462 1611 522 1641 est
542 1611 610 1641 aut
631 1604 647 1627 ⁶
665 1603 925 1654 plenilunium
945 1609 1013 1640 aut
1033 1602 1305 1646 interlunium,
1324 1615 1400 1639 non

219 1667 292 1701 erit
314 1664 492 1701 dubium.
549 1670 589 1700 et
612 1666 650 1700 in
672 1662 744 1700 hoc
766 1665 897 1699 mirari
919 1663 1213 1712 benignitatem
1235 1667 1401 1698 naturae

392 1785 401 1803 ¹
429 1793 502 1815 rore
518 1783 589 1815 cdd.
609 1787 734 1823 (rorare
750 1784 797 1814 cA.
822 1783 895 1813 1’111.
914 1782 984 1813 Lae.
1003 1784 1100 1819 3861,
1116 1793 1160 1813 m.
1178 1783 1221 1819 2).

393 1828 405 1846 ²
429 1826 613 1868 belles-een:
638 1826 703 1858 alii
716 1825 807 1857 alia:
832 1825 999 1857 sordidae.

393 1871 406 1889 ³
430 1870 635 1901 Pintianns:
662 1870 856 1911 legentium.

392 1915 403 1931 ⁴
427 1918 462 1944 et
477 1913 552 1944 add.
570 1913 646 1944 lan.

397 1957 408 1974 ⁵
434 1956 606 1997 Mayhoff:
633 1959 775 1987 naturas
791 1959 836 1987 et.

394 2000 406 2017 ⁸
431 2003 491 2030 aut
507 1999 583 2030 add.
602 1998 780 2030 Rackham.

219 2079 289 2115 370
