1486 2359
420 136 616 174 PLINY:
667 136 929 173 NATURAL
965 135 1201 173 HISTORY

220 238 462 288 oblaqueato
479 244 520 275 et
536 244 687 275 stercus
704 237 986 284 addita—Qui
1002 237 1154 275 oletum
1168 240 1397 288 saepissime

222 314 264 346 et
285 308 473 345 altissime
494 308 690 351 miscebit,
710 310 741 344 is
762 310 1014 344 tenuissimas
1033 307 1184 344 radices
1203 308 1396 345 exarabit.

223 380 254 414 si
269 377 372 414 male
392 377 518 414 arabit
527 377 550 421 ,¹
566 377 716 414 radices
733 390 866 414 susum
883 377 1063 420 abibunt,
1078 379 1285 415 crassiores
1302 377 1397 415 fient

222 459 270 483 eo
283 447 298 470 ²
318 453 360 484 et
379 450 479 484 vires
499 446 610 484 oleae
631 447 810 484 abibunt.

134 522 192 552 128
271 516 384 563 Quae
419 530 569 567 genera
603 516 779 553 olearum
815 522 858 554 et
894 519 934 553 in
970 530 1047 567 quo
1082 529 1230 567 genere
1263 522 1399 554 terrae

223 587 378 623 iuberet
416 589 492 623 seri
532 599 690 636 quoque
729 592 911 636 spectare
950 585 1110 630 oliveta,
1149 586 1320 623 diximus
1358 589 1398 624 in

221 659 374 693 ratione
398 655 486 692 olei.
543 656 667 706 Mago
689 658 730 692 in
751 655 850 693 colle
873 662 915 693 et
937 658 1046 693 siccis
1070 662 1112 693 et
1135 655 1273 707 argilla
1294 658 1399 694 inter

221 732 458 762 autumnum
477 731 518 762 et.
535 726 718 762 brumam
736 728 812 763 seri
829 728 955 769 iussit,
973 728 1013 762 in
1029 739 1159 763 crasso
1177 731 1246 763 aut
1264 726 1398 764 umido

222 802 290 832 aut
311 795 497 846 subriguo
515 795 597 833 solo
617 809 639 831 a
658 809 786 832 messe
806 796 857 832 ad
875 796 1080 838 brumam3
1115 795 1222 846 quod
1239 808 1399 846 praece-

221 868 324 915 pisse
346 878 436 902 cum
458 864 618 902 Africae
639 865 929 915 i11tellegatur.³
977 864 1093 902 Italia
1114 865 1276 916 quidem
1295 879 1398 904 nunc

222 948 314 972 vere
340 938 514 972 maxime
541 937 658 977 serit;
700 935 771 972 sed
796 937 828 972 si
856 940 898 972 et
925 940 1118 972 autumno
1144 934 1283 979 libeat,
1308 941 1398 985 post

221 1007 516 1055 aequinoctium
538 1017 584 1041 xL
603 1005 743 1042 diebus
764 1005 815 1042 ad
840 1004 1105 1055 Vergiliarum
1130 1018 1313 1042 occasum
1334 1017 1397 1042 1111

135 1080 193 1109 129
219 1074 290 1111 soli
310 1075 394 1112 dies
414 1080 507 1111 sunt
533 1074 675 1124 quibus
701 1077 777 1112 seri
802 1081 959 1112 noceat.
1015 1073 1174 1112 Africae
1198 1074 1398 1125 peculiare

221 1142 327 1194 quod
342 1147 381 1181 in
397 1144 569 1181 oleastro
585 1157 652 1181 eas
665 1143 680 1167 ⁴
695 1147 833 1181 inserit
849 1144 1024 1195 quadam
1038 1147 1296 1190 aeternitate,
1307 1158 1397 1183 cum

219 1220 429 1251 senescant
458 1217 638 1264 proxima
668 1215 873 1264 adoptioni
902 1217 1012 1265 virga
1041 1214 1246 1252 immissa⁵
1275 1220 1399 1266 atque

219 1287 277 1321 ita
299 1284 377 1320 alia
399 1284 539 1321 arbore
563 1298 612 1322 ex
637 1284 779 1322 eadem
803 1287 1084 1322 iuvenescente
1107 1287 1333 1335 iterumque
1356 1290 1398 1322 et

219 1357 403 1404 quotiens
431 1367 528 1404 opus
556 1356 622 1398 sit,
649 1360 694 1391 ut
722 1357 828 1391 aevis
857 1354 999 1391 eadem
1027 1354 1173 1392 oliveta
1199 1360 1396 1392 constent.

220 1427 405 1461 inseritur
428 1430 564 1461 autem
588 1423 761 1461 oleaster
782 1424 936 1461 calamo
960 1430 1002 1461 et
1025 1423 1303 1461 inoculatione.

132 1500 191 1530 130
268 1493 367 1531 Olea
382 1494 450 1530 ubi
467 1507 633 1544 quercus
651 1493 790 1531 effossa
806 1500 865 1531 est
876 1493 892 1517 ὅ
907 1494 1010 1531 male
1025 1496 1199 1545 ponitur,
1212 1497 1398 1545 quoniam

221 1577 372 1601 vermes
423 1567 489 1614 qui
534 1577 679 1601 raucae
725 1570 916 1602 vocantur
961 1567 1000 1601 in
1048 1564 1181 1602 radice
1230 1577 1397 1615 quercus

222 1639 436 1671 nascuntur
468 1640 510 1671 et
541 1640 765 1671 transeunt.
820 1647 897 1671 non
930 1633 1137 1671 inhumare
1167 1633 1296 1672 taleas
1327 1640 1398 1672 aut

219 1706 363 1741 siccare
382 1706 488 1753 prius
509 1717 629 1754 quam
648 1710 831 1740 serantur
850 1704 983 1741 utilius
998 1709 1245 1754 conpertum.
1282 1709 1397 1742 vetus

310 1792 320 1811 ¹
344 1792 372 1823 εἰ
398 1816 404 1823 .
431 1815 439 1822 .
465 1815 473 1823 .
498 1791 610 1823 arabit
628 1791 730 1823 Cato:
755 1802 817 1823 om.
835 1792 925 1823 codd.

311 1836 323 1853 ²
345 1835 533 1866 Rackham:
559 1838 594 1866 et
609 1845 649 1866 eo
665 1835 698 1866 in
715 1834 843 1866 radices
858 1835 961 1871 codd„
978 1839 1013 1866 et
1030 1835 1064 1866 in
1081 1834 1209 1867 radices
1226 1834 1317 1868 Cato.

308 1878 321 1896 ⁸
344 1877 533 1908 Raclrhmn:
560 1877 777 1917 intellegitur.

310 1921 322 1938 ⁴
346 1921 381 1951 J.
402 1919 562 1952 Mueller:
588 1920 734 1952 oleastro
750 1924 814 1952 est.

311 1964 321 1981 ³
347 1963 534 1995 Rackham:
560 1964 692 1996 emissa.

310 2010 322 2024 ⁰
348 2007 521 2047 Mayhoff:
546 2007 600 2038 sit.

216 2063 264 2097 90
