1486 2359
96 384 160 416 246

97 1431 160 1463 248

389 138 578 175 PLINY:
630 138 894 176 NATURAL
932 139 967 175 H
976 138 1168 176 ISTORY

186 243 368 278 universo
393 243 495 277 viam
521 240 720 290 publicam
746 247 993 291 transgresso
1019 244 1200 292 arvisque
1226 242 1318 279 inde
1344 255 1366 279 e

185 313 382 348 contrario
404 313 442 346 in
465 310 592 347 locum
615 310 748 347 oliveti
770 310 970 360 profectis,

238 379 425 416 XXXIX.
457 380 570 417 Nunc
617 382 806 430 expositis
853 380 1037 417 arborum
1086 381 1231 418 morbis
1277 395 1368 418 con-

186 456 422 486 sentaneum
451 456 510 486 est
537 449 668 487 dicere
695 456 736 487 et
763 450 952 486 remedia.
1008 463 1056 486 ex
1083 449 1141 487 his
1168 451 1367 501 quaedam

186 526 278 556 sunt
307 522 531 557 communia
561 522 752 562 omnium,
781 519 979 569 quaedam
1011 523 1167 569 propria
1198 534 1368 570 quarun-

185 589 290 626 dam.
346 592 571 626 communia
606 589 876 639 ablaqueatio,
912 589 1196 634 adcumulatio‚
1232 590 1367 627 adflari

186 659 338 696 radices
367 665 436 696 aut
465 661 670 708 cooperiri,
691 662 825 709 riguus
842 659 855 682 ¹
879 659 976 696 dato
1005 665 1103 708 potu
1131 659 1191 696 vel
1220 660 1369 704 ablato,

188 729 322 766 fimum
346 742 438 766 suco
462 729 635 772 refectis,
657 731 816 778 putatio
838 728 978 766 levatis
1001 742 1135 771 onere,
1157 732 1254 766 item
1277 743 1369 767 suco

187 801 329 835 emisso
358 798 555 848 quaedam
586 798 706 834 veluti
736 798 934 835 detractio
962 800 1179 848 sanguinis,
1206 801 1369 836 circum-

186 871 286 904 rasio
312 871 481 909 corticis⁹
508 871 647 905 vitium
677 871 912 904 extenuatio
939 874 979 904 et
1006 868 1205 905 domitura
1231 868 1370 918 palmi·

166 936 169 938 ’
187 944 287 981 tum,
301 952 565 987 gemmarum,
580 941 609 974 si
626 937 748 987 frigus·
765 937 978 974 retorridas
993 937 1198 988 hirtasque
1214 938 1369 983 fecerit,

187 1011 447 1058 repumicatio
467 1014 507 1044 ct
528 1008 726 1058 quaedam
748 1007 932 1057 politura.
987 1008 1171 1044 arborum
1191 1007 1249 1045 his
1268 1008 1370 1046 aliae

187 1081 312 1127 magis·
329 1078 430 1114 aliae
447 1081 575 1114 minus
591 1078 786 1127 gaudent,
802 1077 924 1114 veluti
941 1090 1147 1127 cupressus
1165 1083 1206 1114 et
1223 1091 1369 1128 aquam

187 1155 422 1197 aspernatur
451 1154 491 1183 ct
524 1148 657 1184 fimum
690 1154 731 1184 et
760 1146 1103 1184 circumfossuram
1127 1150 1370 1197 amputatio-

188 1231 359 1267 nemque
390 1224 429 1254 et
454 1219 585 1253 omnia
611 1217 787 1253 remedia
811 1217 909 1261 odit,
930 1219 1023 1267 quin
1053 1219 1175 1253 etiam
1205 1223 1371 1255 necatur

187 1290 321 1337 riguis,
365 1290 452 1324 vitis
498 1293 539 1324 et
578 1289 747 1337 punicae
791 1289 1005 1336 praecipue
1047 1286 1219 1324 aluntur.
1276 1287 1369 1324 ficus

187 1358 303 1394 arbor
330 1360 413 1406 ipsa
441 1360 560 1406 riguis
588 1357 720 1401 alitur,
741 1370 902 1406 pomum
930 1370 1021 1394 vero
1042 1359 1125 1394 eius
1146 1359 1367 1395 marcescit.

187 1427 426 1478 amygdalae
444 1430 473 1464 si
492 1427 674 1463 colantur
691 1426 861 1463 fossione
880 1426 1017 1463 florem
1035 1429 1242 1464 amittunt.
1298 1440 1369 1464 nec

187 1499 324 1534 insitas
346 1497 631 1533 circumfodere
654 1502 814 1546 oportet
836 1499 1065 1546 priusquam
1089 1496 1244 1534 validae
1266 1496 1370 1535 serre

186 1569 389 1616 coeperint
438 1580 568 1616 poma.
623 1566 816 1616 plurimae
864 1573 1002 1603 autem
1050 1569 1249 1616 amputari
1295 1567 1368 1604 sibi

187 1637 323 1673 volunt
353 1650 519 1673 onerosa
549 1650 594 1673 ac
624 1650 884 1686 supervacua,
913 1639 1015 1673 sicut
1045 1649 1114 1673 nos
1145 1649 1297 1686 ungues
1327 1642 1369 1674 et

186 1706 384 1755 capillum.
441 1706 670 1743 reciduntur
716 1712 871 1743 veteres
918 1712 1031 1743 totae
1077 1719 1123 1742 ac
1169 1719 1300 1743 rursus
1346 1720 1369 1742 a

187 1776 340 1813 stolone
373 1776 505 1826 aliquo
538 1782 763 1825 resurgunt,
795 1776 865 1813 sed
897 1789 976 1813 non
1007 1788 1158 1820 omnes,
1190 1789 1263 1813 nec
1295 1777 1367 1813 nisi

188 1860 355 1896 quarum
374 1853 557 1883 naturam
577 1848 660 1895 pati
680 1846 864 1883 diximus.

547 1981 556 1999 ¹
583 1981 649 2012 Ian
666 1980 739 2012 coll.
760 1981 876 2020 §250:
903 1981 1025 2018 rinnan-
