1486 2359
416 129 501 166 PLI
509 129 580 166 ΝΥ
596 142 604 166 :
647 129 907 166 NATURAL
945 129 1181 167 HISTORY

203 232 464 282 providentia,
483 234 521 268 in
540 245 618 282 qua
636 231 834 269 Ciceronis
853 234 1097 269 sententiam
1116 234 1236 282 ipsius
1255 232 1386 270 verbis

201 285 518 335 subsignabimus
532 298 541 321 ι

254 366 340 402 Iam
362 378 454 402 vero
476 378 634 414 semper
656 365 786 402 viridis
808 378 1045 416 semperque
1066 371 1234 416 gravata

255 419 464 456 Lentiscus
483 419 626 468 triplici
647 418 763 456 solita
783 425 844 456 est
863 419 1126 469 grandescere
1146 419 1254 463 fetu3

253 473 331 510 Ter
350 472 484 521 fruges
504 471 674 509 fundens
694 475 771 509 tria
790 479 973 522 tempora
991 479 1187 510 monstrat
1207 472 1356 511 arandi.

117 565 180 596 2:39
207 559 266 595 Ex
282 557 341 595 his
357 572 479 595 unum
494 557 567 595 hoc
583 561 658 595 erit
673 557 780 595 idem
795 564 837 595 et
851 558 930 595 lino
945 571 990 595 ac
1003 561 1192 608 papaveri
1205 558 1385 596 serendo.

117 940 178 971 :230

118 1260 178 1291 231

206 614 308 650 Cato
336 612 386 648 de
415 624 614 662 papavere
644 614 701 648 ita
729 611 876 648 tradit:
920 611 927 623 ¹
947 611 1087 662 Virgas
1116 618 1159 649 et
1185 618 1387 650 sarmenta

206 679 310 716 quae
342 666 415 702 tibi
449 665 603 702 usionil
637 671 875 714 supererunt
908 667 947 702 in
978 671 1119 716 segete
1149 666 1384 703 comburito.

204 720 271 756 ubi
293 732 359 756 eas
379 719 655 763 combusseris,
676 719 728 756 ibi
749 731 925 768 papaver
944 718 1093 756 serito.'
1146 720 1325 757 silvestre
1346 722 1386 756 in

204 777 302 810 miro
333 786 403 810 usu
435 779 494 809 est
525 772 642 809 melle
672 773 882 810 decoctum
911 773 963 810 ad
991 772 1166 810 faucium
1194 773 1387 817 remedia,

204 830 340 877 visque
383 826 596 863 somnifera
641 829 764 863 etiam
807 826 1054 863 sativa—Et
1097 825 1291 864 hactenus
1334 827 1385 864 de

204 879 370 917 hiberna
387 886 580 917 semente.

259 933 386 971 LXII.
416 933 564 971 Verum
590 939 633 970 ut
658 936 808 983 pariter
831 936 957 970 omnis
981 933 1160 971 culturae
1186 933 1386 984 quoddam

205 988 442 1024 brew‘arium
488 993 720 1037 peragatur,
765 987 908 1024 eodem
951 993 1133 1038 tempore
1177 990 1387 1025 conveniet

205 1042 364 1078 arbores
392 1047 625 1084 stercorare,
651 1040 908 1078 adcumulare
934 1043 1033 1078 item
1059 1041 1388 1079 vineas—sufficit

205 1098 245 1132 in
275 1098 456 1144 iugerum
486 1094 596 1131 una²
625 1101 841 1144 opera—et
881 1095 947 1131 ubi
977 1097 1157 1145 patietur
1185 1095 1257 1132 loci
1286 1097 1388 1132 ratio

206 1149 368 1185 arbusta
402 1162 447 1185 ac
480 1151 613 1185 vineas
645 1154 802 1198 putare,
834 1148 960 1185 solum
992 1151 1210 1186 seminariis
1242 1148 1388 1198 bipalio

207 1215 461 1252 praeparare,
491 1201 620 1238 incilia
650 1204 817 1251 aperire,
846 1215 992 1252 aquarn
1021 1202 1071 1240 de
1102 1216 1197 1253 agro
1225 1202 1388 1253 pellere,

207 1255 381 1293 torcular
396 1255 529 1292 lavare
546 1262 588 1292 et
605 1255 832 1293 recondere.
888 1269 909 1291 a
926 1256 1005 1293 kal.
1024 1256 1216 1293 Novemb.
1233 1256 1388 1307 gallinis

208 1323 281 1346 ova
313 1322 536 1359 supponere
568 1309 691 1346 nolito
722 1309 849 1347 donec
880 1310 1020 1346 bruma
1051 1310 1303 1353 conficiatur;
1349 1312 1387 1347 in

207 1377 298 1400 eum
332 1363 438 1400 diem
472 1362 696 1401 ternadena
729 1363 898 1400 subicito
931 1369 1087 1401 aestate
1121 1370 1223 1408 tota,
1256 1362 1387 1401 hieme

205 1419 405 1467 pauciora,
419 1430 495 1455 non
509 1423 647 1455 tamen
661 1416 762 1453 infra
775 1430 942 1454 novena.
999 1417 1251 1455 Democritus
1263 1417 1386 1455 talem

206 1470 382 1507 futuram
402 1469 576 1514 hiemem
597 1471 813 1507 arbitratur
833 1470 959 1521 qualis
981 1470 1101 1508 fuerit
1119 1471 1284 1508 brumae
1304 1471 1388 1508 dies

206 1530 248 1561 et
279 1527 381 1561 circa
415 1538 505 1562 eum
538 1527 657 1568 terni,
689 1527 787 1561 item
820 1524 988 1561 solstitio
1020 1531 1231 1562 aestatem.
1285 1527 1388 1562 circa

205 1578 385 1615 brumam
416 1577 613 1628 plerisque
643 1578 701 1614 bis
730 1578 916 1628 septeni³
943 1577 1180 1629 halcyonum
1201 1578 1389 1616 feturae⁴

338 1691 349 1709 ¹
374 1690 550 1722 Hardom'n
565 1701 582 1722 e
598 1690 719 1722 Catone
736 1703 742 1721 :
768 1691 876 1722 osioni
892 1696 950 1722 aut
967 1691 1082 1723 cisioni
1099 1696 1157 1723 aut
1174 1691 1260 1724 usui.

337 1734 349 1752 ²
372 1744 440 1765 una
456 1734 532 1765 add.
550 1732 657 1773 Silliq.

336 1777 348 1795 ³
374 1777 531 1818 Mayhoff
541 1789 548 1807 :
574 1781 716 1818 septem.

335 1820 346 1837 ¹
371 1820 528 1861 ilqushoff
539 1832 545 1850 :
572 1819 693 1851 fetura.

318 2010 331 2020 ‘⁴
355 2005 403 2036 Dc
422 2004 496 2037 Div.
516 2006 544 2036 I.
562 2006 592 2042 9,
614 2006 664 2042 15,
681 2005 768 2037 from
787 2005 914 2038 Aratus
932 2006 1078 2038 Diosem.
1101 2005 1183 2039 1050
1198 2017 1272 2049 sqq.

204 2077 275 2113 334
