1486 2359
121 275 138 302 3
143 273 182 302 ⁴23

119 916 182 947 324

419 164 608 201 PLINY:
652 164 915 200 NATURAL
952 163 1188 200 HISTORY

211 270 398 304 materias
414 267 529 304 caedi
546 279 731 317 quaeque
748 266 824 303 alia
841 269 920 304 suis
936 266 1030 304 locis
1046 267 1229 304 diximus.
1263 280 1393 318 neque

208 339 269 369 est
300 331 451 368 facilior
482 332 707 368 observatio
739 344 785 368 ac
817 333 897 368 iam
929 330 1039 368 dicta
1070 331 1184 368 nobis
1216 331 1393 370 secundo

208 396 428 439 volumine;
469 395 539 432 sed
566 395 673 445 quod
699 394 935 445 intellegere
962 394 1025 432 vel
1050 397 1188 432 rustici
1215 398 1392 445 possint:

208 463 392 510 quotiens
408 460 458 496 ab
473 459 681 496 occidente
696 459 778 496 sole
793 465 982 496 cernetur
995 459 1273 510 prioribusque
1288 458 1392 497 horis

208 527 333 561 nocti<
351 524 514 567 lucebit,
530 536 710 561 crescens
728 526 804 561 erit
821 529 863 561 et
879 523 1000 561 oculis
1018 523 1231 561 dimidiata
1247 524 1394 562 iudica-

207 589 426 631 bitur,cum
442 602 532 625 vero
549 589 600 625 ab
612 588 820 625 occidente
832 588 914 625 sole
928 591 1078 625 orietur
1087 600 1138 625 ex
1154 587 1321 626 adverso
1335 591 1393 626 ita

209 660 253 690 ut
265 655 415 702 pariter
425 655 681 702 aspiciantur,
691 658 780 689 turn
793 655 867 690 erit
879 652 1154 702 plenilunium.
1209 655 1393 703 quotiens

209 718 259 753 ab
275 724 363 754 ortu
379 716 468 753 solis
485 720 635 754 orietur
649 717 923 767 prioribusque
940 719 1067 754 noctis
1082 715 1186 754 horis
1202 716 1393 755 detrahet

209 781 343 818 lumen
361 788 403 818 et
420 784 459 818 in
477 781 636 818 diurnas
655 781 865 824 extendet,
882 781 1115 819 decrescens
1133 784 1209 818 erit
1230 784 1394 819 iterum-

209 860 287 896 que
308 846 486 889 dimidia,
507 849 547 882 in
566 848 674 884 coitu
696 859 803 890 vero,
825 845 932 896 quod
952 845 1213 883 interlunium
1234 852 1393 890 vocant,

207 924 297 947 cum
339 923 533 960 apparere
575 910 751 947 desierit.
805 923 925 960 supra
965 916 1094 947 terras
1137 916 1275 948 autern
1318 913 1393 948 erit

210 975 399 1025 quamdiu
422 981 465 1012 et
484 975 541 1012 sol
563 975 776 1012 interlunio
798 980 840 1011 et
860 977 989 1024 prima
1008 980 1098 1012 tota
1119 974 1198 1019 die,
1219 975 1395 1012 secunda

210 1038 330 1076 horae
353 1041 478 1076 noctis
501 1042 615 1076 unius
637 1039 834 1076 dextante
856 1038 1015 1083 sicilico,
1036 1052 1082 1076 ac
1104 1038 1250 1076 deinde
1271 1041 1394 1076 tertia

211 1110 252 1140 et
273 1117 398 1154 usque
418 1116 466 1140 xv
486 1103 759 1154 multiplicatis
779 1102 967 1140 horarum
986 1103 1114 1141 isdem
1133 1103 1394 1153 portionibus.

211 1181 258 1204 xv
277 1174 366 1205 tota
385 1181 505 1217 supra
527 1174 656 1205 terras
677 1174 795 1205 nocte
810 1168 823 1191 1
845 1170 921 1205 erit
941 1167 1166 1218 eademque
1187 1168 1261 1205 sub
1280 1170 1396 1205 terris

121 1239 128 1248 ¹
164 1240 182 1267 .·
209 1238 296 1269 tota
315 1232 392 1269 die.
447 1245 511 1269 xvi
531 1232 582 1269 ad
601 1235 753 1282 primae
772 1231 894 1269 horae
913 1238 1135 1269 nocturnae
1154 1232 1394 1270 dextantem

210 1297 398 1333 sicilicum
449 1297 523 1333 sul)
573 1302 682 1333 terra
734 1303 843 1347 aget,
895 1296 1140 1347 easdemque
1191 1298 1393 1346 portiones

211 1360 396 1398 horarum
424 1374 496 1411 per
522 1361 696 1411 singulos
724 1361 808 1398 dies
836 1360 983 1398 adiciet
1000 1361 1014 1384 ²
1042 1373 1167 1411 usque
1195 1360 1247 1398 ad
1274 1363 1395 1398 inter-

212 1425 378 1469 lunium,
397 1431 439 1462 et
459 1432 654 1476 quantum
674 1428 809 1476 primis
828 1425 1008 1475 partibus
1028 1428 1154 1462 noctis
1173 1425 1395 1463 detraxerit

213 1490 345 1540 quoad
359 1491 374 1513 ³
391 1491 464 1527 sub
483 1493 598 1527 terris
620 1490 748 1540 aget,⁴
765 1490 1008 1527 tantundem
1026 1492 1244 1527 novissimis
1263 1503 1313 1527 ex
1331 1489 1395 1527 die

213 1555 359 1590 adiciet
384 1568 501 1604 supra
528 1561 690 1591 terram.
745 1554 908 1591 alternis
933 1560 1071 1591 autem
1096 1554 1297 1591 mensibus
1322 1566 1396 1591 xxx

213 1618 394 1667 implebit
429 1632 627 1661 numeros,
661 1618 823 1655 alternis
859 1632 951 1655 vero
984 1617 1174 1656 detrahet
1207 1617 1394 1668 singulos.

214 1682 313 1719 haec
333 1685 407 1719 erit
428 1685 529 1719 ratio
549 1682 717 1726 lunaris;
752 1688 962 1719 ventorum
982 1682 1101 1733 paulo
1120 1682 1393 1733 scrupulosior.

558 1768 568 1787 ¹
595 1768 751 1808 Mayhoss
763 1781 769 1798 :
796 1772 911 1799 noctu.

557 1813 568 1830 ²
592 1811 790 1843 Gaas-arins:
817 1811 931 1842 adicit.

555 1855 567 1872 ³
592 1854 703 1894 quoad
717 1859 730 1885 ζ’
751 1855 906 1894 Maylmsf
918 1867 924 1885 :
952 1854 1054 1895 quod.

555 1898 567 1915 ¹
595 1898 767 1938 Mayltoss:
793 1903 883 1939 agat.

477 2031 490 2044 ⁰
514 2027 573 2058 l.e,
592 2026 642 2058 sor
657 2026 719 2066 51}
738 2027 886 2058 minutes
901 2026 989 2058 aster
1005 2032 1132 2059 sunset.

212 2100 281 2136 39²
