1486 2359
403 122 598 160 PLINY:
650 121 916 159 NATURAL
951 121 1188 159 HISTORY

204 224 462 262 Tarentinam
502 225 754 261 Democritus
793 229 834 260 et
873 223 949 260 alio
986 223 1105 261 modo
1141 225 1218 261 seri
1254 223 1390 269 docet,

203 289 472 339 grandissimis
482 289 669 325 bacarum
681 290 779 325 tusis
792 287 946 331 leviter,
957 300 1008 324 ne
1017 301 1143 338 grana
1151 287 1390 339 frangantur

243 382 252 390 .
281 353 311 390 .¹
332 366 460 403 eaque
481 355 620 389 intrita
634 358 783 388 restem
796 351 812 374 ²
831 351 1047 388 circumlini
1069 357 1192 402 atque
1212 354 1270 389 ita
1289 354 1390 396 seri3

206 420 401 466 parietem
438 416 523 453 fore
561 415 717 452 mirae³
754 415 981 459 densitatis,
1014 428 1065 452 ex
1097 429 1175 466 quo
1213 415 1390 467 virgulae

205 480 450 518 differantur.
504 483 558 518 sic
579 486 620 517 et
648 483 780 529 spinas
799 482 929 529 saepis
948 493 1068 516 causa
1087 486 1225 517 serunt
1243 482 1390 518 tomice

206 548 323 582 moris
355 548 558 595 spinarum
591 543 825 582 circumlita.
879 543 978 593 pilas
1013 550 1150 581 autem
1181 543 1315 582 laurus
1348 550 1392 583 et

207 612 326 660 myrti
345 612 477 659 inopia
495 608 511 632 ⁴
531 622 554 645 a
572 611 738 646 trimatu
757 610 1041 657 tempestivorn
1061 614 1122 645 est
1140 608 1372 646 transferre.

139 681 181 711 63
259 673 371 710 Inter
399 686 447 710 ea
475 686 579 723 quae
607 675 759 709 semine
787 678 976 709 seruntur
1005 671 1130 723 Mago
1157 675 1198 709 in
1226 673 1392 711 nucibus

207 751 393 787 operosus
418 743 492 774 est.
546 736 804 787 amygdalam
827 739 867 773 in
891 736 1030 787 argilla
1053 736 1161 774 molli
1184 737 1392 775 meridiem

207 808 416 852 spectante
431 804 507 838 seri
521 801 634 838 iubet
648 813 657 843 ;
684 800 862 851 gaudere
878 806 919 838 et
934 800 1033 837 dura
1046 800 1257 852 calidaque
1271 807 1394 847 terra,

208 870 246 903 in
273 868 409 916 pingui
436 872 506 903 aut
533 865 668 902 umida
693 867 792 902 mori
812 871 882 902 aut
909 864 1178 909 sterilescere3
1204 865 1394 904 serendas

207 944 328 981 quam
357 933 530 967 maxime
558 929 728 966 falcatas
757 935 799 966 et
827 941 848 965 e
880 929 1036 965 novella
1065 929 1238 980 fimoque
1266 929 1394 968 diluto

208 1001 431 1031 maceratas
447 1007 519 1044 per
533 994 710 1031 triduum
727 999 797 1030 aut
811 993 938 1043 pridie
955 1006 1075 1043 quam
1091 1000 1276 1031 serantur
1289 1007 1395 1045 aqua

208 1059 357 1101 mulsa3
399 1071 586 1095 mucrone
615 1057 750 1107 defigi,
778 1060 905 1094 aciem
933 1057 1070 1094 lateris
1099 1060 1139 1094 in
1167 1058 1394 1109 aquilonem

207 1129 412 1173 spectare;
460 1129 595 1159 ternas
630 1121 744 1158 simul
779 1121 970 1159 serendas
1004 1121 1206 1173 triangula
1238 1125 1394 1161 ratione

208 1187 381 1237 palmam
413 1189 518 1223 inter
548 1200 589 1223 se
621 1185 841 1228 distantes;
886 1185 998 1222 denis
1030 1185 1171 1224 diebus
1202 1185 1395 1239 adaquari

141 1258 182 1287 64
209 1251 335 1288 donec
348 1251 627 1301 grandescant.
682 1249 890 1299 iuglandes
905 1263 1024 1287 nuces
1038 1257 1247 1300 porrectae
1259 1264 1396 1289 serun-

208 1322 274 1352 tur
302 1317 565 1352 commissuris
594 1315 832 1358 iacentibus,
861 1316 1006 1364 pineae
1037 1314 1186 1352 nucleis
1215 1319 1394 1366 septenis

208 1379 291 1417 fere
307 1382 346 1416 in
361 1379 457 1416 ollas
472 1378 695 1429 perforatas
711 1378 857 1415 abditis
873 1384 942 1415 aut
959 1384 1003 1415 ut
1018 1378 1151 1416 laurus
1167 1392 1271 1430 quae
1285 1380 1394 1418 bacis

209 1446 364 1481 seritur.
419 1446 544 1480 citrea
565 1456 691 1493 grano
714 1449 755 1480 et
783 1445 1018 1493 propagine,
1039 1443 1155 1480 sorba
1176 1446 1328 1482 semine
1350 1450 1393 1483 et

261 1554 270 1572 ¹
296 1553 463 1585 Lacunam
483 1555 558 1590 (fex
576 1563 665 1594 aqua
682 1552 827 1584 farinam
845 1553 997 1591 misceri>
1009 1555 1038 1594 ⁴1)
1056 1552 1219 1595 Mayhoff.

258 1597 270 1615 ¹
297 1597 458 1627 Erasmus
475 1596 536 1634 (ed.
555 1596 650 1633 Bas.)
668 1608 675 1626 :
702 1601 799 1627 reste.

257 1640 270 1658 ⁸
294 1641 398 1671 mirae
413 1639 489 1670 add.
507 1638 617 1670 Daloc.

222 1725 228 1730 .
258 1683 270 1702 ⁴
294 1683 399 1723 myrti
420 1683 454 1713 in
477 1692 539 1713 sua.
561 1681 634 1712 loca
657 1681 704 1714 vel
727 1683 760 1712 in
785 1691 885 1712 suum
903 1681 1014 1713 solum
1033 1681 1104 1714 coll.
1124 1683 1177 1720 66,
1199 1684 1240 1715 75
1267 1683 1388 1716 Warm-

216 1731 338 1766 inqton.

254 1833 319 1864 “A
335 1843 402 1874 gap
418 1832 451 1864 in
469 1832 526 1863 the
543 1832 644 1863 Latin
661 1836 737 1863 text
752 1842 832 1873 may
850 1831 994 1873 perhaps
1011 1833 1052 1864 be
1068 1832 1159 1865 filled
1175 1843 1222 1875 up
1237 1833 1328 1867 thus.

255 1875 267 1894 ⁶
292 1876 361 1907 But
389 1876 539 1917 possibly
565 1875 624 1906 the
652 1875 809 1916 meaning
837 1876 864 1906 is
891 1875 1034 1906 ‘hui-eis
1061 1876 1129 1907 and
1158 1887 1216 1917 my
1219 1877 1301 1908 rtlea
1330 1887 1388 1909 are

215 1919 318 1959 ready
336 1920 387 1950 sor
404 1918 660 1959 transplanting
677 1917 760 1949 with
775 1928 796 1949 a
814 1918 882 1949 bal!
900 1919 939 1949 of
956 1918 1018 1949 soil
1035 1919 1144 1951 round
1160 1921 1220 1951 the
1238 1925 1331 1952 roots
1349 1925 1388 1952 at

213 1963 271 1994 the
299 1963 363 1993 end
390 1962 424 1992 of
452 1962 547 1993 three
572 1961 686 1993 wam'
743 1961 814 1991 The
839 1966 998 1993 sentence
1024 1962 1136 1994 would
1161 1962 1242 1994 then
1267 1963 1389 2005 belong

217 2006 331 2037 rather
347 2006 449 2045 to§7
438 2007 472 2035 5
489 2015 526 2035 οι·
544 2006 582 2035 77
600 2015 638 2036 or
652 2005 687 2045 §§
704 2004 766 2035 79-
770 2005 821 2035 83.

207 2083 254 2116 44
