1486 2359
123 379 182 409 123

124 1056 182 1087 124

411 147 576 184 PLINY
591 161 599 184 :
651 146 915 185 NATURAL
952 146 1186 184 HISTORY

209 253 364 288 insew‘t.
420 250 518 288 haec
537 256 597 288 est
615 252 723 288 inter
738 263 806 288 eas
824 249 1070 287 differentia:
1101 249 1168 287 illa
1185 251 1390 300 copiosior,

208 311 308 349 haec
327 313 522 350 Tereiana
540 311 690 349 melior.

261 373 429 411 XXVII.
458 373 626 424 Reliqua
639 386 790 424 genera
802 386 916 411 casus
930 375 1090 424 ingenio
1104 386 1174 411 suo
1189 375 1390 424 excogita—

210 438 264 472 vit
290 449 335 473 ac
361 435 562 473 defractos
589 449 719 472 serere
746 449 875 472 ramos
901 434 1036 472 docuit
1061 448 1151 472 cum
1171 434 1251 485 pali
1270 433 1389 472 defixi

208 497 361 534 radices
396 500 607 547 cepissent.
662 496 790 534 multa
825 499 878 534 sic
914 502 1099 534 seruntur
1133 499 1389 546 inprimisque

209 558 304 596 ficus
325 559 505 595 omnibus
526 559 609 595 aliis
630 558 756 595 modis
777 571 943 595 nascens
963 564 1248 608 praeterquam
1267 557 1391 602 talea,

209 623 359 670 optime
383 620 544 671 quidem
566 623 736 657 vastiore
759 633 870 657 ramo
891 619 970 670 pali
993 619 1112 656 modo
1134 625 1306 656 exacuto
1327 621 1358 656 si
1376 619 1390 671 ¹.

209 682 396 732 adigatur
432 681 528 726 alte,
565 684 709 733 exiguo
746 694 865 732 super
898 687 1049 718 terram
1085 680 1224 718 relicto
1259 683 1392 731 capite

210 756 338 794 eoque
384 747 469 794 ipso
513 742 664 781 harena
709 749 911 793 cooperto.
965 756 1076 780 ramo
1121 748 1306 780 seruntur
1350 748 1392 779 et

209 808 367 855 punica,
410 805 509 854 palis
552 805 690 842 laxato
734 807 840 855 prius
879 803 1050 848 meatu‚²
1088 807 1186 842 item
1225 809 1393 855 myrtus,

209 870 386 904 omnium
400 866 540 903 horum
552 866 801 917 longitudine
817 869 938 904 trium
951 866 1115 916 pedum,
1127 865 1391 904 crassitudine

210 931 338 965 minus
369 927 596 972 bracchiali,
627 931 774 966 cortice
806 927 1020 978 diligenter
1049 933 1222 972 servato,
1252 933 1393 965 trunco

209 996 392 1028 exacuto.

260 1051 450 1089 XXVIII.
483 1051 642 1102 Myrtus
683 1057 724 1089 et
761 1051 878 1088 taleis
918 1054 1075 1095 seritur,
1114 1064 1244 1088 morus
1280 1050 1392 1088 talea

209 1119 384 1158 tantum,
403 1116 591 1164 quoniam
608 1116 648 1150 in
666 1112 773 1151 ulmo
791 1126 882 1150 eam
900 1115 1018 1150 inseri
1036 1112 1174 1163 religio
1192 1112 1392 1163 fulgurum

210 1174 408 1225 prohibet.
463 1181 707 1226 quapropter
728 1175 778 1212 de
800 1174 999 1211 talearum
1021 1180 1113 1212 satu
1137 1188 1240 1211 nunc
1261 1174 1393 1211 dicen-

210 1236 306 1274 dum
327 1243 400 1274 est.
454 1237 691 1274 servandum
718 1239 757 1273 in
780 1250 827 1274 eo
849 1243 943 1274 ante
966 1238 1098 1273 omnia
1120 1242 1164 1273 ut
1186 1235 1322 1273 taleae
1343 1248 1392 1273 ex

210 1298 407 1336 feracibus
429 1299 525 1336 fiant
546 1298 764 1342 arboribus,
784 1311 833 1335 ne
853 1311 996 1335 curvae
1016 1311 1117 1335 neve
1137 1297 1303 1335 scabrae
1323 1303 1392 1335 aut

211 1359 403 1404 bifurcae,
422 1373 471 1397 ne
485 1359 501 1384 ³
517 1363 717 1397 tenuiores
737 1373 858 1410 quam
875 1366 919 1396 ut
937 1373 1099 1396 manum
1117 1358 1327 1409 impleant,
1343 1372 1393 1396 ne

210 1424 380 1459 minores
396 1421 617 1471 pedalibus,
631 1428 676 1458 ut
693 1421 861 1458 inlibato
875 1424 1021 1458 cortice
1037 1427 1160 1471 atque
1175 1426 1221 1458 ut
1235 1426 1393 1458 sectura

211 1482 372 1520 inferior
397 1489 570 1532 ponatur
596 1496 755 1533 semper
783 1488 824 1520 et
853 1482 959 1533 quod
987 1481 1139 1520 fuer-it⁴
1166 1482 1217 1519 ab
1244 1481 1393 1526 radice,

211 1544 571 1595 adcumuleturque
589 1546 827 1596 germinatio
843 1550 951 1582 terra
970 1543 1096 1582 donec
1116 1543 1236 1582 robur
1253 1542 1394 1595 planta

210 1609 355 1656 capiat.

438 1698 448 1717 ¹
473 1697 664 1728 Rackham:
689 1697 716 1728 si
734 1697 882 1729 vastiore
907 1722 914 1728 .
941 1721 948 1728 .
975 1721 982 1728 .
1007 1700 1163 1728 exacuto.

435 1741 447 1760 ¹
470 1739 566 1771 hiatu
578 1743 592 1772 ἲ
609 1740 787 1772 Beck-ham.

436 1784 448 1802 ⁸
471 1793 513 1815 ne
528 1783 603 1814 add.
620 1783 690 1815 edd.

436 1827 449 1845 ⁴
471 1826 508 1857 J.
528 1825 690 1859 Mueller:
715 1826 790 1858 erit.

258 1971 273 1986 ⁴¹
297 1965 315 1997 I
319 1977 355 1998 .e.
377 1966 434 1998 the
455 1966 581 1998 branch
602 1966 680 1998 that
699 1966 726 1998 is
746 1966 845 2007 being
864 1965 1004 2007 planted
1023 1975 1061 1997 so
1080 1975 1117 1997 aa
1136 1970 1173 1997 to
1192 1964 1298 1997 atrike
1315 1968 1394 1997 root

213 2010 280 2041 and
299 2010 383 2041 form
400 2010 459 2041 the
476 2010 579 2041 trunk
596 2009 635 2040 of
646 2020 666 2040 a
683 2020 756 2040 new
770 2014 852 2040 tree.

209 2071 256 2107 86
