1486 2359
169 493 205 523 19

436 147 627 185 PLINY:
670 147 934 185 NATURAL
971 146 1206 185 HISTORY

234 255 320 287 viris
357 251 543 288 decorum
582 257 666 289 est:
716 254 859 288 iterum
896 251 1042 288 deinde
1078 254 1118 288 in
1155 251 1219 288 filo
1254 251 1412 301 politur,

232 330 387 366 inlisum
428 330 566 367 crebro
608 329 704 366 silici
746 342 795 366 ex
839 342 956 379 aqua,
999 335 1238 380 textumque
1282 342 1414 366 rursus

233 408 417 445 tunditur
435 408 570 446 clan's.
591 410 910 457 <emper-iniuria
932 407 1085 444 melius.

285 486 350 523 IV.
385 486 598 523 Inventum
637 489 716 522 iam
748 492 808 523 est
844 488 968 523 etiam
1003 485 1109 536 quod
1143 486 1300 536 ignibus
1335 499 1412 523 non

233 566 521 602 absumeretur.
578 567 709 601 vivum
732 564 771 601 id
793 570 950 607 vocant,
971 564 1239 614 ardentesque
1259 567 1299 601 in
1319 563 1414 601 focis

232 646 501 679 conviviorum
523 655 571 679 ex
599 656 646 679 eo
673 642 842 679 vidimus
869 655 1033 692 mappas
1059 642 1237 679 sordibus
1264 645 1414 679 exustis

233 721 556 770 splendescentes
606 724 683 771 igni
734 723 859 770 magis
908 734 1028 770 quam
1077 727 1239 770 possent
1287 723 1412 771 aquis.

235 813 372 850 regum
407 799 498 836 inde
534 799 720 836 funebres
754 801 915 835 tunicae
949 801 1120 848 corporis
1155 798 1330 836 favillam
1364 799 1415 836 ab

234 878 385 928 reliquo
403 884 590 927 separant
610 880 754 914 cinere.
812 879 986 914 nascitur
1004 879 1042 913 in
1061 877 1231 914 desertis
1249 876 1416 914 adustis-

234 969 311 1006 que
338 956 476 992 Indiae
500 955 607 999 locis,
633 956 697 992 ubi
724 968 800 992 non
824 955 974 992 cadunt
999 955 1159 998 imbres,
1183 957 1288 992 inter
1310 955 1415 993 diras

234 1040 456 1083 serpentes,
486 1033 766 1083 adsuescitque
806 1036 935 1070 vivere
972 1033 1162 1076 ardendo,
1198 1047 1330 1070 rarum
1358 1036 1414 1070 in-

235 1118 371 1150 ventu.
400 1112 556 1149 difficile
585 1117 702 1148 textu
733 1117 896 1161 propter
924 1111 1188 1154 brevitatem;
1226 1111 1334 1148 rufus
1363 1111 1414 1149 de

233 1197 369 1227 cetero
402 1190 508 1227 colos
543 1190 783 1240 splendescit
821 1192 913 1240 igni.
970 1203 1060 1226 cum
1100 1192 1306 1227 inventum
1341 1196 1415 1234 est,

234 1274 382 1318 aequat
413 1271 543 1318 pretia
576 1268 858 1305 excellentium
891 1270 1211 1319 margaritarum.
1254 1273 1417 1305 vocatur

235 1353 371 1383 autem
404 1360 426 1383 a
460 1346 624 1383 Graecis
648 1348 875 1395 ἀσβέστινον
903 1359 952 1383 ex
983 1353 1220 1397 argumento
1247 1352 1415 1383 naturae

235 1438 342 1461 suae.
399 1425 618 1461 Anaxilaus
648 1431 786 1461 auctor
809 1430 869 1461 est
899 1424 1021 1461 linteo
1051 1437 1098 1461 eo
1126 1424 1413 1461 circumdatam

234 1503 415 1539 arborem
438 1503 563 1540 surdis
587 1503 729 1539 ictibus
751 1509 792 1539 et
814 1505 880 1553 qui
902 1516 979 1539 non
1001 1503 1269 1539 exaudiantur
1287 1502 1413 1539 caedi.

235 1595 329 1631 crgo
357 1580 444 1617 huic
476 1581 553 1617 lino
584 1584 828 1630 principatus
859 1584 897 1617 in
926 1587 1014 1617 toto
1050 1581 1158 1618 orbe.
1214 1583 1414 1631 proximus

235 1659 408 1709 byssino,
450 1659 658 1695 mulierum
699 1661 871 1695 maxime
910 1659 1059 1696 deliciis
1093 1661 1194 1696 circa
1233 1658 1337 1696 Elim
1375 1661 1415 1695 in

237 1736 386 1774 Achaia
434 1740 593 1787 genito;
647 1740 852 1787 quaternis
904 1737 1062 1774 denaris
1112 1736 1281 1786 scripula
1331 1739 1415 1774 eius

235 1821 463 1864 permutata
511 1815 711 1865 quondam
760 1821 803 1851 ut
851 1817 933 1851 auri
982 1817 1147 1864 reperio.
1202 1814 1413 1852 linteorum

235 1892 394 1943 lanugo.
433 1906 453 1930 e
493 1893 587 1929 velis
626 1895 784 1929 navium
825 1895 1112 1930 maritimarum
1151 1895 1338 1938 maxime,
1375 1895 1415 1930 in

237 1984 382 2021 magno
411 1985 480 2007 usu
506 1971 726 2008 medicinae
751 1977 827 2015 est,
843 1977 883 2008 et
906 1973 1002 2007 cinis
1026 1971 1150 2020 spodii
1175 1973 1253 2007 vim
1276 1970 1412 2009 habet.

231 2081 300 2116 432
