1486 2359
123 413 185 444 364

125 840 188 871 :365

421 193 610 230 PLINY:
654 190 917 229 NATL'RAL
953 189 1189 228 HISTORY

212 298 395 335 habitant
413 297 634 347 fugitantes
651 298 688 332 in
707 295 817 332 nidos
832 308 922 332 suos
937 306 946 338 ;
975 300 1017 331 et
1031 306 1192 331 anseres
1207 295 1395 330 continuo

211 353 396 399 clangore
418 352 704 399 intempestivi,
723 349 844 385 ardea
864 351 903 385 in
921 347 1062 384 mediis
1081 346 1238 384 harenis
1257 349 1393 384 tristis.

267 404 531 441 LXXXVIII.
563 403 645 440 Nec
677 405 820 439 mirum
853 404 1058 452 aquaticas
1090 406 1161 438 aut
1193 403 1232 437 in
1263 406 1395 437 totum

212 460 388 495 volucres
417 460 627 507 praesagia
655 459 756 492 aeris
784 459 957 499 sentire;
998 467 1143 504 pecora
1171 453 1396 491 exultantia

212 519 254 549 et
283 512 470 548 indecora
497 511 655 547 lascivia
685 509 866 546 ludentia
895 508 1058 545 easdem
1086 507 1396 558 significationes

213 566 379 609 habent,
398 571 440 601 et
457 565 579 601 boves
597 563 751 600 caelum
771 562 1011 599 olfactantes
1030 574 1153 611 seque
1171 561 1396 598 lambentes

213 625 350 656 contra
373 618 512 667 pilum,
534 624 754 667 turpesque
777 619 883 666 porci
908 616 1056 652 alienos
1079 615 1152 651 sibi
1175 613 1397 664 manipulos

214 674 293 710 feni
307 673 545 714 lacerantes,
558 674 816 720 segniterque
831 676 872 707 et
885 675 1023 706 contra
1035 669 1270 705 industriam
1284 680 1395 705 suam

214 740 308 776 apes
344 726 546 769 conditae,
581 725 640 761 vel
679 724 866 761 formicae
902 727 1183 760 concursantes
1219 727 1289 759 aut
1325 735 1398 759 ova

214 785 491 830 prone-rentes,
513 782 610 816 item
635 791 787 815 vermes
808 780 958 814 terreni
981 782 1251 826 erumpentes.

267 833 491 870 LXXXIX.
520 832 726 869 Trifolium
754 843 914 881 quoque
941 829 1210 867 inhorrescere
1237 834 1280 866 et
1306 828 1398 866 folia

215 894 353 924 contra
378 892 668 936 tempestatem
693 886 899 935 subrigere
924 890 1079 921 certum
1105 889 1159 920 et.
1214 882 1296 920 XC.
1326 895 1399 919 nec

216 955 292 978 non
312 947 352 978 et
372 944 409 977 in
428 941 524 977 cibis
543 942 770 989 mensisque
790 941 932 975 nostris
951 950 1043 974 vasa
1061 937 1204 987 quibus
1222 935 1399 974 esculen-

214 1002 300 1032 tum
330 994 491 1031 additur
517 993 704 1030 sudorem
731 994 973 1042 repositoriis
1001 991 1267 1040 relinquentia
1294 989 1399 1027 diras

215 1054 483 1097 tempestates
506 1049 808 1096 praenuntiant.

217 2136 287 2180 416
