1486 2359
166 529 207 561 87

167 1065 207 1093 88

438 155 632 192 PLINY:
682 154 946 192 NATURAL
981 153 1217 192 HISTORY

232 272 323 295 cum
346 258 397 295 ob
420 257 458 294 id
483 256 585 294 Cato
607 259 646 293 in
669 256 853 294 corbibus
876 255 1083 293 transferri
1106 257 1260 301 iubeat,
1281 256 1416 307 procul

233 312 354 349 dubio
367 311 589 352 utilissime,
601 312 667 359 qui
682 310 787 347 idem
802 310 816 332 ¹
831 323 1029 346 summam
1041 316 1191 347 terram
1202 317 1416 348 contentus

235 372 293 402 est
311 365 440 402 subdi.
495 363 657 413 quidam
674 366 825 412 punicis
843 362 954 400 malis
970 363 1173 400 substrato
1188 363 1321 414 lapide
1337 377 1416 401 non

234 421 362 467 rumpi
382 431 544 467 pomum
564 420 604 453 in
623 417 828 453 arboribus
847 416 1026 453 tradunt.
1080 417 1232 454 radices
1250 417 1417 455 inflexas

234 475 326 521 poni
352 471 515 513 mclius;
554 471 735 507 arborem
761 472 887 518 ipsam
913 473 970 506 ita
994 469 1114 507 locari
1138 477 1183 507 ut
1208 471 1341 508 media
1364 473 1417 508 sit

234 528 358 562 totius
409 524 555 561 scrobis
607 525 886 560 necessarium.
942 523 1036 560 ficus
1086 526 1117 560 si
1168 526 1207 560 in
1257 523 1418 562 scilla—

234 578 444 615 bulborum
486 576 558 614 hoc
599 590 725 627 genus
767 583 1052 620 est—seratur,
1092 579 1272 615 ocissime
1312 577 1417 615 ferre

233 631 406 668 traditur
424 643 587 680 pomum
606 643 736 680 neque
756 629 1071 667 vermiculationi
1089 630 1320 675 obnoxium,
1338 644 1417 681 quo

235 687 329 721 vitio
363 691 501 721 carent
536 683 687 733 reliqua
720 696 838 732 poma
870 683 1051 720 similiter
1083 689 1185 721 sata.
1237 684 1417 722 radicum

235 738 306 775 filis
323 738 338 761 ²
381 750 569 787 magnam
615 736 884 774 adhibendam
927 750 1076 780 curam,
1119 743 1164 774 ut
1207 744 1417 787 exemptas

234 797 443 840 appareat,
467 804 545 827 non
569 790 734 832 evolsas,
759 792 844 840 quis
868 790 1055 827 dubitet?
1094 804 1173 840 qua
1195 794 1351 828 ratione
1374 797 1417 829 et

235 845 385 894 reliqua
398 843 579 881 consessa
594 846 830 885 omittimus,
844 846 958 880 sicuti
979 851 1128 880 terram
1141 847 1245 882 circa
1264 845 1417 882 radices

233 899 387 935 festuca
407 897 744 946 conspissandam,
765 897 871 946 quod
900 897 1002 934 Cato
1030 900 1201 947 primum
1230 900 1270 935 in
1300 911 1348 935 ea
1373 911 1416 936 re

235 966 320 988 esse
345 958 497 992 censet,
522 950 682 1000 plagam
707 963 867 1000 quoque
892 963 915 987 a
940 956 1082 988 trunco
1107 951 1229 988 oblini
1256 951 1349 989 fimo
1373 958 1416 990 et

235 1005 335 1042 foliis
356 1004 567 1053 praeligari
589 1007 847 1053 praecipiens.

285 1057 412 1095 XVII.
444 1057 571 1094 Huius
597 1057 670 1094 loci
690 1070 781 1106 pars
803 1063 865 1094 est
885 1057 937 1094 ad
957 1057 1167 1094 intervalla
1196 1061 1413 1108 pertinens,

234 1111 395 1161 quidam
426 1114 590 1160 punicas
620 1117 662 1147 et
692 1116 842 1160 myrtos
874 1117 916 1148 et
945 1110 1076 1148 lauros
1106 1111 1309 1149 densiores
1339 1115 1415 1150 seri

233 1168 446 1207 iusserunt,
461 1168 499 1200 in
514 1164 682 1214 pedibus
702 1163 889 1201 tantum³
912 1164 1226 1208 novenis‚malos
1246 1165 1415 1215 amplius

233 1218 365 1267 paulo,
387 1218 449 1255 vel
470 1221 596 1267 magis
619 1220 741 1255 etiam
762 1220 866 1267 piros
888 1221 1096 1268 magisque
1117 1218 1352 1269 amygdalas
1373 1225 1416 1257 et

235 1273 348 1313 ἥρως
379 1271 650 1321 quamquam⁴
674 1274 825 1320 optime
855 1271 926 1308 id⁵
951 1271 1186 1309 diiudicabit
1215 1285 1415 1310 ramorum

234 1325 505 1374 amplitudinis
533 1327 635 1361 ratio
663 1324 933 1374 locorumque,
961 1331 1003 1362 et
1032 1325 1197 1363 umbrae
1224 1328 1415 1376 cuiusque

234 1379 396 1421 arboris,
407 1380 595 1428 quoniam
608 1377 678 1414 has
691 1391 850 1428 quoque
862 1378 1061 1415 observari
1072 1384 1255 1428 oportet:
1274 1379 1414 1418 breves

234 1438 326 1469 sunt
359 1435 538 1482 quamvis
571 1445 807 1481 magnarum
840 1432 1025 1469 arborum
1057 1432 1181 1470 cum⁶
1213 1446 1342 1471 ramos
1373 1436 1413 1471 in

372 1527 383 1546 ¹
408 1526 612 1558 Pintianus:
638 1527 709 1568 (qui
728 1527 864 1568 quidem
883 1527 1072 1570 .l!(1yhoff):
1098 1527 1246 1569 quidem.

371 1570 383 1589 ²
405 1569 468 1601 filis
486 1570 659 1610 ,llayhoffz
684 1571 765 1601 eius.

369 1613 382 1632 ³
405 1615 569 1644 tantum?
589 1613 762 1653 ,llapllzoffz
787 1617 914 1645 tamen.

370 1657 384 1675 ⁴
407 1656 582 1696 Maykoff:
608 1657 664 1696 qfn
681 1660 738 1686 aul
755 1657 834 1696 φῖ).

370 1699 381 1717 ⁵
408 1699 441 1730 id
457 1699 531 1730 add.
546 1703 558 1730 ⁴!
577 1699 739 1739 Illayhoff.

365 1742 379 1761 ⁴
403 1752 479 1773 cum
496 1742 571 1773 add.
590 1741 752 1783 Jlayhoff.

279 1899 292 1956 ἶ
317 1894 486 1968 {Usi}
502 1895 533 1968 ἑ,
551 1895 662 1968 zoam
678 1936 814 1968 advises
829 1936 907 1968 that
923 1940 1011 1969 trees
1026 1947 1121 1969 more
1141 1937 1226 1970 than
1246 1940 1267 1970 5
1289 1938 1410 1980 finget-s

236 1980 331 2011 thick
358 1980 479 2012 should
509 1980 549 2011 be
574 1980 697 2021 lopped
729 1979 840 2011 before
865 1979 963 2021 being
985 1980 1234 2022 transplanted¹
1257 1981 1326 2013 and
1351 1982 1410 2015 the

236 2030 315 2064 tops
331 2023 499 2064 plaster-ed
515 2033 597 2054 over
611 2022 678 2054 and
698 2023 885 2063 bandaged.

229 2085 277 2120 60
