1486 2359
427 158 616 198 PLINY:
670 159 933 198 NATURAL
970 158 1208 197 HISTORY

223 267 262 301 in
287 278 365 315 qua
389 267 473 302 sine
498 264 755 301 amminiculo
779 266 869 301 vitis
892 277 965 314 per
988 276 1030 301 se
1053 264 1200 307 stabim
1237 263 1278 301 id
1301 266 1404 301 enim

225 351 304 374 non
326 338 369 374 fit
390 339 461 374 uisi
488 337 722 387 pedamenti
750 339 898 386 inopia.
953 336 1118 386 simplici
1139 338 1231 387 iugo
1250 341 1407 373 constat

221 415 405 460 porrecto
433 409 570 447 ordine
599 422 719 460 quem
747 411 970 446 canterium
1005 407 1234 458 appellant;
1271 408 1409 446 melior

221 495 270 518 ea
291 484 394 526 vino,
415 485 604 532 quoniam
625 482 697 518 sibi
719 485 805 531 ipsa
824 494 903 518 non
925 481 1140 518 obumbrat
1161 480 1408 531 adsiduoque

222 554 303 591 sole
318 557 501 604 coquitur
519 560 560 590 et
577 554 773 591 adflatum
791 556 918 604 magis
939 556 1080 597 sentit,
1096 553 1262 590 celerius
1280 566 1407 590 rorem

223 626 406 670 dimittit,
430 629 723 676 pampinationi
750 639 907 676 quoque
934 632 977 663 et
1002 628 1198 663 occationi
1223 629 1408 676 omnique

135 703 194 734 166
223 702 331 748 operi
350 698 523 742 facilior-3
555 712 675 749 super
690 705 828 736 cetera
846 698 1069 736 deflorescit
1089 698 1236 735 utilius.
1272 701 1408 749 iugum

225 771 268 808 fit
292 774 446 821 pertica
471 777 539 808 aut
563 770 801 815 harundine,
826 777 894 807 aut
919 773 1026 808 crine
1051 769 1274 807 funiculove
1298 776 1342 808 ut
1369 773 1407 807 in

224 843 417 893 Hispania
430 843 706 894 Brundisique.
760 843 1014 893 conpluviata
1028 845 1220 893 copiosior
1231 846 1321 880 vino
1333 849 1409 887 est,

223 915 346 967 [dicta
360 929 383 952 a
394 919 499 954 cavis
513 916 672 953 aedium
685 915 917 967 conpluviis]
932 916 946 939 1
960 927 969 959 3
997 915 1185 953 dividitur
1196 918 1236 952 in
1250 920 1407 966 quater-

223 1002 293 1025 nas
309 994 445 1039 partes
460 989 632 1026 ‘totidem
649 991 761 1039 iugis.
817 987 932 1026 huius
949 987 1106 1026 serendi
1122 991 1225 1026 ratio
1240 988 1409 1032 dicetur,

223 1061 366 1098 eadem
388 1061 556 1098 valitura
578 1064 618 1098 in
640 1064 746 1098 omni
767 1074 931 1111 genere,
952 1063 993 1098 in
1014 1060 1087 1098 hoc
1110 1074 1203 1098 vero
1226 1073 1408 1098 numero-

223 1137 300 1170 sior
318 1140 491 1171 tantum.

277 1218 322 1242 111
341 1205 356 1228 ²
398 1220 490 1243 vero
531 1209 675 1243 seritur
718 1207 866 1244 modis:
924 1209 1077 1256 optime
1119 1209 1158 1243 in
1199 1208 1404 1256 pastinato

129 1283 188 1314 167
213 1282 393 1328 proxime
406 1282 444 1315 in
457 1279 578 1322 sulco,
591 1281 801 1316 novissime
814 1282 853 1316 in
865 1279 1016 1316 scrobe.
1072 1278 1409 1329 depastinatione,

223 1351 373 1388 dictum
399 1357 482 1394 est;
520 1351 626 1388 sulco
649 1351 823 1388 latitudo
846 1351 963 1401 palae
986 1353 1083 1388 satis
1108 1357 1184 1395 est,
1206 1351 1407 1389 scrobibus

225 1430 429 1460 ternorum
460 1424 608 1473 pedum
641 1427 679 1460 in
711 1437 911 1474 quamque
943 1430 1113 1474 partem.
1168 1423 1340 1461 altitudo
1369 1427 1407 1461 in

225 1509 475 1546 quocumque
504 1510 652 1547 genere
682 1497 903 1546 tripedalis,
932 1497 1022 1533 ideo
1050 1509 1124 1533 nee
1158 1499 1248 1534 vitis
1282 1499 1409 1534 minor

224 1568 429 1605 †1·ansferri
445 1568 583 1613 debet,
597 1575 804 1606 cxs⁴satura
821 1571 1042 1606 etiamnum
1057 1568 1211 1606 duabus
1226 1571 1406 1621 gemmis.

138 1646 196 1677 165
224 1641 389 1677 emolliri
411 1647 561 1678 terram
584 1645 749 1678 minutis
773 1644 812 1678 in
835 1641 972 1679 scrobe
996 1645 1075 1679 imo
1097 1641 1212 1679 sulcis
1236 1641 1407 1692 fimoque

224 1716 377 1750 misceri
393 1716 670 1751 necessarium.
724 1714 868 1751 clivosa
882 1714 1041 1752 altiores
1055 1714 1212 1752 scrobes
1226 1721 1407 1764 poscunt,

648 1802 656 1820 ¹
689 1802 925 1842 Warminqaeon.

647 1846 659 1864 ‘·'
685 1855 724 1877 111
741 1846 816 1876 add.
836 1845 942 1886 Silliq.

261 1982 276 1996 ‘⁸
299 1977 380 2009 This
393 1977 616 2018 explanation
631 1977 729 2009 looks
742 1977 809 2009 like
819 1988 863 2009 an
880 1977 1109 2019 interpolated
1124 1981 1215 2015 note,
1228 1977 1406 2019 belonging

221 2023 257 2050 to
274 2020 334 2051 the
351 2020 417 2052 end
433 2020 498 2061 of§
520 2021 591 2053 164.

225 2093 293 2126 114
