1486 2359
151 569 214 600 245

451 152 617 191 PLINY
631 167 640 191 ε
683 154 946 192 NATURAL
983 154 1219 192 HISTORY

243 257 397 294 lentisci
417 259 589 307 primum
611 257 784 294 fructum
807 257 1055 294 ostendentis
1076 271 1122 295 ae
1143 260 1214 307 piri
1237 257 1423 295 florentis.

244 322 318 355 erit
338 325 378 355 et
396 321 518 355 tertia
535 321 574 355 in
592 318 802 356 bulborum
821 325 911 355 satu
928 319 1076 362 scillae,
1093 322 1191 356 item
1209 322 1249 356 in
1265 332 1424 357 corona-

242 386 469 416 mentorum
511 383 692 422 nareis-su
748 393 923 430 namque
963 386 1005 417 et
1045 379 1143 417 haec
1182 386 1245 417 ter
1283 380 1424 417 florent

243 444 448 491 primoque
475 441 569 478 flore
596 445 764 491 primam
792 444 1013 478 arationem
1041 441 1272 485 ostendunt,
1292 441 1424 479 medio

243 503 474 546 secundam,
496 506 616 539 tertio
646 505 914 547 novissimam,
935 503 1095 553 quando
1117 505 1221 540 inter
1240 516 1327 540 sese
1348 503 1424 540 alia

241 564 324 600 aliis
346 570 459 600 notas
481 564 689 613 praebent.
745 578 790 601 ac
812 578 890 601 non
910 567 951 601 in
971 567 1189 601 novissimis
1209 565 1424 602 caveatur¹

242 639 291 662 ne
337 625 437 662 fabis
483 625 714 662 florentibus
759 629 985 676 attingatur
1023 625 1194 669 hedera;
1244 626 1284 664 id
1318 629 1424 663 enim

241 690 403 724 noxium
434 694 474 724 et
503 687 666 724 exitiale
692 687 756 724 ei²
789 694 850 724 est
877 694 1050 737 tempus.
1106 687 1304 738 quaedam
1332 701 1423 725 vero

241 755 281 786 et
302 763 391 786 suas
411 748 560 786 habent
583 756 711 792 notas,
730 752 845 786 sicuti
866 749 982 786 ficus:
1015 763 1105 786 cum
1125 748 1219 786 folia
1238 762 1364 800 pauca
1384 752 1422 786 in

239 814 444 848 cacumine
475 811 671 848 acetabuli
703 811 821 848 modo
854 814 1095 862 germinent,
1124 817 1220 849 tunc
1249 813 1422 848 maxime

241 873 427 909 serendas
449 873 555 909 ficus.

292 934 434 971 LXVI.
464 935 775 984 Aequinoctium
799 948 963 972 vernum
985 948 1021 972 a.
1043 934 1081 971 d.
1104 947 1176 971 vm
1197 934 1276 971 kal.
1298 934 1422 985 April.

241 999 374 1045 peragi
426 996 592 1033 videtur.
648 997 699 1032 ab
747 1010 794 1033 eo
841 996 892 1033 ad
940 996 1191 1045 vergiliarum
1240 1002 1422 1033 exortum

241 1060 482 1094 matutinum
514 1057 674 1094 Caesari
707 1058 930 1107 significant
960 1057 1037 1095 kal.
1068 1058 1193 1108 April.
1257 1070 1302 1094 111
1332 1071 1422 1095 non.

241 1119 364 1169 April.
385 1122 422 1155 in
442 1120 579 1156 Attica
597 1119 784 1166 vergiliae
803 1123 954 1169 vesperi
974 1119 1238 1162 occultantur,
1255 1119 1422 1156 eaedem

240 1181 429 1231 postridie
467 1183 504 1217 in
544 1181 724 1223 Boeotia,
761 1181 921 1217 Caesari
960 1187 1095 1218 autem
1134 1187 1175 1217 et
1213 1179 1423 1217 Chaldaeis

240 1245 365 1285 nonis,
411 1243 602 1292 Aegypto
648 1242 769 1279 Orion
817 1249 856 1279 et
902 1242 1056 1293 gladius
1103 1245 1185 1279 eius
1230 1245 1422 1292 incipiunt

239 1305 438 1342 abscondi.
494 1305 653 1341 Caesari
685 1317 723 1340 VI
754 1304 840 1341 idus
870 1305 1115 1355 significatur
1145 1304 1272 1341 imber
1300 1304 1423 1341 librae

239 1380 391 1403 occasu.
447 1379 511 1403 xlv
551 1365 628 1403 kal.
672 1366 769 1403 Mai.
810 1367 1001 1416 Aegypto
1040 1365 1199 1403 suculae
1238 1365 1421 1403 occidunt

240 1431 406 1477 vesperi,
429 1428 535 1465 sidus
558 1427 773 1464 vehemens
798 1434 840 1465 et
862 1434 970 1465 terra
993 1430 1173 1478 marique
1196 1427 1422 1471 turbidum3

240 1502 302 1526 xw
325 1491 502 1533 Atticae,
522 1502 569 1526 xv
590 1489 750 1526 Caesari
771 1493 959 1526 continuo
980 1489 1192 1540 quatriduo
1212 1490 1422 1539 significat,

241 1553 426 1601 Assyriae
455 1558 590 1588 autem
621 1564 675 1588 xn
705 1551 783 1588 kal.
839 1551 911 1588 hoc
940 1557 1001 1588 est
1030 1551 1147 1601 vulgo
1175 1551 1419 1601 appellatum

239 1613 344 1649 sidus
371 1613 607 1654 Parilicium,
632 1615 818 1663 quoniam
846 1626 883 1649 x1
909 1612 987 1649 kal.
1016 1612 1113 1649 Mai.
1140 1613 1244 1649 urbis
1270 1612 1420 1649 Romae

240 1674 396 1718 natalis,
448 1689 525 1725 quo
576 1675 659 1711 scre
710 1677 902 1711 serenitas
955 1674 1146 1718 redditur,
1195 1673 1418 1711 claritatem

238 1736 503 1773 observationi
548 1736 674 1779 dedit,
719 1737 942 1774 nimborum
987 1742 1225 1786 argumento
1269 1734 1420 1786 hyadas

618 1828 629 1847 ¹
653 1827 844 1858 Book-ham:
870 1831 1021 1859 cavetur.

613 1871 626 1890 ²
647 1871 719 1901 eis?
745 1870 925 1902 Rackham.

352 2016 366 2030 ⁰
390 2011 417 2042 A
435 2011 569 2042 variant
586 2011 724 2051 reading
739 2011 833 2052 gives
849 2016 933 2042 terra
951 2015 959 2027 ‘
971 2010 1053 2042 with
1070 2011 1129 2042 the
1145 2009 1300 2051 ground?

235 2094 305 2129 344
