1486 2359
404 146 598 183 PLINY:
651 145 912 182 NATURAL
949 143 1184 181 HISTORY

140 255 177 285 12
204 249 270 286 illa
289 255 382 286 sunt
401 251 519 285 noxia
538 248 684 298 frigora
703 260 807 297 quae
825 248 1164 296 septentrionibus
1183 251 1253 283 aut
1270 258 1382 296 prae-

205 306 374 353 posteris
414 302 513 339 fiunt
551 301 678 343 horis;
730 300 904 338 hiemem
943 300 1105 350 quidem
1144 299 1382 349 aquiloniam

206 370 292 393 esse
327 356 508 392 omnibus
543 358 638 391 satis
673 354 937 391 utilissimum.
991 354 1137 390 imbres
1170 366 1263 390 vero
1295 359 1382 390 tum

207 409 424 459 expetendi
454 408 616 446 evidens
645 421 763 445 causa
792 414 867 450 est,
896 410 1082 457 quoniam
1111 407 1270 443 arbores
1296 406 1383 444 fetu

207 466 431 500 exinanitas
453 468 494 499 et
525 462 706 498 foliorum
727 474 885 511 quoque
917 463 1125 497 amissione
1143 460 1156 483 ¹
1177 459 1383 510 languidas

207 516 388 553 naturale
409 521 469 552 est
490 515 604 551 mide
624 518 786 558 esurire,
804 515 913 551 cibus
933 520 1069 551 autem
1089 527 1226 550 earum
1244 514 1382 550 imber.

144 576 179 605 13
205 583 328 620 quare
367 569 548 618 tepidam
586 581 673 605 esse
711 567 899 611 hiemem,
937 574 981 604 nt
1018 568 1230 616 absumpto
1266 573 1383 617 partu

208 624 390 659 arborum
426 628 617 671 sequatur
649 624 828 671 protinus
861 627 1091 670 conceptus,
1125 621 1164 657 id
1199 624 1260 657 est
1297 631 1386 668 ger-

208 679 385 719 minatio,
403 690 448 712 ac
465 675 612 712 deinde
630 675 706 711 alia
722 674 957 712 florescendi
975 677 1206 719 exinanitio,
1221 674 1385 711 inutilis-

207 733 349 767 simum
376 731 663 778 experimentis
688 728 876 765 creditur.
930 731 1024 777 quin
1051 731 1172 764 immo
1196 730 1227 764 si
1252 727 1385 777 plures

208 786 263 820 ita
276 785 561 820 continuentur
573 784 678 826 anni,
690 785 814 819 etiam
826 785 936 831 ipsae
949 784 1168 818 moriantur
1183 782 1198 804 ²
1210 782 1385 825 arbores,

207 836 368 886 quando
386 839 534 873 nemini
553 836 672 872 dubia
690 849 821 884 poena
838 841 899 872 est
917 838 956 871 in
974 835 1080 871 fame
1099 835 1385 878 laborantium3

209 904 303 939 ergo
340 893 407 939 qui
444 889 545 926 dixit
581 888 733 926 hiemes
769 902 931 925 serenas
967 888 1164 938 optandas
1201 901 1279 925 non
1315 901 1386 938 pro

145 950 181 978 14
207 944 411 980 arboribus
430 949 524 980 vota
543 942 651 979 fecit.
707 955 781 979 nec
798 955 871 992 per
889 942 1057 979 solstitia
1075 942 1222 978 imbres
1241 942 1386 979 vitibus

207 997 447 1034 conducunt.
501 995 668 1033 hiberno
699 996 861 1046 quidem
893 995 1053 1045 pulvere
1084 996 1271 1032 laetiores
1302 995 1384 1032 fieri

208 1064 358 1087 messes
398 1050 633 1087 luxuriantis
672 1052 821 1100 ingenii
861 1049 1072 1086 fertilitate
1111 1049 1262 1086 dictum
1303 1055 1386 1092 est3

208 1104 353 1153 alioqui
394 1109 487 1139 vota
526 1103 710 1139 arborum
750 1103 989 1153 frugumque
1029 1105 1255 1139 communia
1292 1108 1385 1139 sunt

209 1160 316 1194 nives
333 1157 507 1194 diutinas
523 1157 677 1193 sedere.
732 1170 851 1193 eausa
868 1170 946 1193 non
963 1155 1087 1193 solum
1105 1159 1197 1206 quia
1214 1158 1385 1193 animam

208 1218 340 1247 terrae
371 1216 678 1247 evanescentem
708 1209 962 1246 exhalatione
991 1210 1198 1247 includunt
1226 1216 1268 1247 et
1295 1223 1386 1247 eon-

209 1267 384 1314 primunt
428 1270 616 1314 retroque
662 1270 787 1314 agunt
831 1266 870 1300 in
915 1266 1015 1300 vires
1060 1263 1218 1314 frugum
1263 1269 1384 1314 atque

208 1318 375 1362 radices,
405 1331 541 1354 verum
571 1317 677 1367 quod
708 1323 749 1353 et
778 1316 971 1366 liquorem
1001 1320 1146 1353 sensim
1176 1317 1386 1366 praebent,

208 1384 349 1421 purum
383 1377 597 1420 praeterea
631 1370 965 1420 levissimumque,
999 1370 1159 1420 quando
1193 1384 1385 1420 aquarum

148 1430 184 1460 15
207 1425 441 1462 caelestium
458 1438 598 1474 spuma
614 1427 755 1474 pruina
786 1424 879 1460 estss
917 1437 1012 1474 ergo
1028 1437 1140 1461 umor
1159 1437 1208 1461 ex
1229 1423 1288 1461 his
1307 1437 1385 1461 non

208 1481 413 1516 universus<
427 1481 678 1526 ingurgitans
691 1477 941 1527 diluensque,
955 1478 1025 1515 sed
1038 1478 1238 1527 quomodo
1253 1480 1387 1515 sititur

260 1564 270 1583 ¹
296 1564 402 1596 E(Id.:
428 1564 615 1595 emissione.

258 1607 270 1625 ²
293 1607 485 1638 moriuntur
500 1607 569 1638 edd.

256 1649 268 1667 ³
293 1650 456 1681 Rari-Imm
474 1662 481 1680 :
522 1659 643 1690 spuma
659 1654 711 1680 est
729 1649 862 1690 (pruina
879 1653 930 1680 est
946 1649 994 1681 cd.
1011 1649 1090 1681 Par.
1108 1649 1180 1681 Lat.
1197 1648 1306 1689 6795).
1387 1663 1390 1666 ’

254 1740 267 1753 ⁰
292 1735 408 1777 Virgil,
426 1735 573 1776 Georqics
590 1735 617 1768 I.
637 1737 699 1767 100
715 1735 841 1766 hiemes
857 1739 952 1767 orate
967 1746 1112 1768 serenas.

251 1778 262 1796 ᾖ
286 1779 314 1810 Α
337 1778 507 1819 fragment
529 1778 568 1809 of
593 1779 767 1819 primitive
793 1789 887 1809 verse
914 1779 1093 1820 preserved
1123 1778 1166 1820 by
1196 1778 1386 1812 Macrobius

211 1824 344 1853 >Talium
363 1832 395 1852 v.
414 1824 454 1854 20
471 1832 569 1854 runs:

507 1874 658 1906 Hiberno
675 1874 824 1916 pulvere.
841 1885 944 1907 verno
959 1874 1032 1906 luto

505 1917 656 1950 Grandia
671 1917 772 1954 farra,
789 1917 941 1955 camille,
959 1921 1076 1949 metes.

258 1977 268 1988 ‘
294 1971 463 2046 Peg-hapa:
500 1971 646 2003 ‘thanke
670 1975 707 2002 to
730 1982 750 2002 a
778 1971 914 2003 natural
942 1972 1112 2013 tondency
1140 1976 1177 2003 to
1203 1971 1384 2004 abundant

214 2020 324 2053 growt
373 2038 381 2046 .

217 2089 260 2113 10
