1486 2359
141 1250 181 1281 ἐξ

417 166 606 204 PLINY:
659 167 922 204 NATURAL
959 167 1195 204 HISTORY

216 273 272 306 vir
294 270 533 307 clarissimae
557 269 732 307 familiae
759 270 808 306 D.
834 269 1001 307 Silanus.
1055 273 1277 319 sapientiae
1302 283 1393 308 vero

214 346 394 376 auctores
411 346 451 376 et
465 340 704 376 carminibus
721 339 964 377 excellentes
980 342 1126 390 quique
1143 339 1206 376 alii
1223 339 1392 377 illustres

215 412 281 445 viri
308 412 607 458 conposuissent
635 423 732 459 quos
757 423 971 460 sequemur
995 412 1294 458 praetexuimus
1319 408 1393 447 hoc

215 482 252 514 in
271 479 482 522 volumine,
500 493 576 515 non
595 481 634 515 in
651 492 774 530 grege
793 478 1034 516 nominando
1055 478 1112 516 M.
1132 478 1307 516 Varrone
1324 481 1392 528 qui

214 561 324 584 Lxxxi
342 551 447 585 vitae
464 562 611 585 annum
629 562 751 599 agens
767 549 818 586 de
835 562 883 586 ea
899 562 940 586 re
957 548 1206 599 prodendum
1222 550 1392 598 putavit.

264 618 382 667 Apud
408 618 605 656 Romanos
632 618 758 656 multo
785 621 907 656 serius
923 618 938 642 ²
959 621 1098 655 vitium
1125 618 1281 655 cultura
1308 631 1394 656 esse

211 691 357 737 coepit,
369 691 591 739 primoque,
603 695 648 726 ut
661 702 822 726 necesse
835 695 936 732 erat,
948 702 1040 726 arva
1051 695 1212 726 tantum
1224 688 1396 733 coluere,

212 771 378 806 quorum
409 772 430 794 a
461 759 572 795 nobis
603 772 705 795 nunc
735 761 837 795 ratio
865 758 1108 796 tractabitur
1137 771 1214 795 non
1244 758 1393 809 volgari

213 827 328 863 modo
351 841 500 871 verum,
521 834 565 865 ut
586 827 715 865 adhuc
737 828 916 872 fecimus,
937 834 979 865 et
1001 830 1169 865 vetustis
1191 833 1232 864 et
1253 833 1394 878 postea

213 899 380 934 inventis
416 900 521 934 omni
557 911 651 934 cura
686 900 911 948 perquisitis
946 910 1148 947 causaque
1184 911 1316 934 rerum
1351 903 1392 934 et

211 969 362 1003 ratione
388 967 501 1003 simul
524 974 651 1004 cruta.
705 967 881 1004 dicemus
908 973 950 1005 et
975 967 1118 1011 sidera,
1138 967 1392 1017 siderumque

211 1039 382 1085 ipsorum
401 1040 605 1073 terrestria
624 1040 736 1087 signa
755 1037 937 1074 dabimus
956 1037 1199 1081 indubitata,
1217 1036 1393 1087 quando—

210 1106 370 1156 quidem
392 1109 457 1156 qui
478 1106 607 1143 adhuc
627 1107 857 1157 diligentius
877 1120 926 1144 ea
943 1112 1172 1144 tractavere
1191 1106 1392 1157 quibusvis

209 1178 340 1224 potius
362 1190 481 1226 quam
503 1176 682 1226 agricolis
703 1179 902 1226 scripsisse
923 1182 1088 1226 possunt
1109 1175 1245 1213 videri.

260 1246 327 1281 VI.
358 1247 414 1282 Ac
446 1249 614 1295 primum
646 1249 822 1283 omniurn
851 1246 1018 1283 oraculis
1048 1248 1196 1283 maiore
1228 1259 1250 1283 e
1276 1251 1392 1296 parte

208 1329 386 1364 agemus.
401 1330 503 1366 quae
521 1330 598 1352 non
615 1319 654 1353 in
667 1316 744 1353 alio
758 1319 864 1354 vitae
879 1330 1029 1367 genere
1046 1316 1159 1366 plura
1172 1319 1392 1353 certiorave

207 1392 321 1421 sunt:
350 1399 419 1422 cur
450 1388 554 1422 enim
587 1400 664 1422 non
692 1386 903 1423 videantur
934 1385 1095 1423 oracula
1122 1398 1144 1422 a
1169 1388 1391 1423 certissimo

207 1455 271 1491 dic·
293 1458 546 1505 maximeque
568 1456 739 1493 veridico
760 1469 833 1492 usu
853 1455 1066 1505 profecta?

259 1524 496 1574 Principium
517 1532 653 1562 autem
672 1539 693 1561 a
713 1526 867 1562 Catone
886 1538 1109 1562 sumemus:
1143 1524 1150 1537 ‘
1172 1524 1389 1562 Fortissimi

208 1597 274 1630 viri
312 1601 353 1631 et
390 1595 534 1632 milites
570 1598 830 1632 strenuissimi
867 1609 916 1632 ex
953 1594 1134 1645 agricolis
1170 1597 1390 1646 gignuntur

207 1667 448 1714 minime-quc
477 1665 579 1702 male
605 1665 858 1715 cogitantes.'
915 1671 923 1687 ‘
941 1665 1154 1702 Praedium
1175 1678 1225 1702 ne
1244 1664 1388 1714 cupide

206 1733 341 1770 emas)
398 1737 434 1770 in
470 1748 510 1771 re
544 1738 689 1772 rustica
722 1742 730 1756 ⁴
751 1748 897 1785 operae
939 1748 989 1772 ne
1030 1748 1184 1784 parcas,
1218 1737 1258 1771 in
1291 1747 1386 1785 agro

207 1804 400 1840 emendo'
429 1807 614 1848 minime3
657 1805 763 1855 quod
793 1805 896 1841 male
926 1810 1105 1854 emptum
1137 1809 1198 1841 est
1229 1816 1389 1854 semper

610 1889 620 1908 ¹
644 1889 836 1921 Racklzam:
862 1890 975 1921 serior.

557 2026 569 2039 ‘³
594 2022 704 2062 I'tuaes.
722 2025 760 2057 4;
789 2021 956 2059 and1.1;
983 2023 1013 2054 3.

204 2095 270 2125 ²04
