1486 2359
148 597 189 626 84

148 946 188 974 85

149 1433 190 1461 86

419 141 614 179 PLINY:
665 141 928 178 NATURAL
965 139 1201 178 HISTORV

216 242 417 292 conpleat,
466 242 568 280 Cato
616 245 848 280 crassiorem
896 245 1073 293 quinque
1120 242 1267 293 digitis.
1319 253 1399 278 non

215 315 410 350 omisisset
429 312 549 357 idem,
567 314 598 349 si
617 315 826 357 attineret,
844 312 1108 349 meridianam
1125 310 1226 349 caeli
1242 316 1399 362 partem

214 385 372 433 signare
403 385 443 419 in
473 385 634 426 cortice,
666 388 709 419 ut
741 381 963 419 translatae
994 381 1120 419 isdem
1151 387 1195 418 et
1224 380 1400 418 adsuetis

214 458 491 489 statuerentur
507 451 625 496 horis,
641 465 691 489 ne
707 451 933 502 aquiloniae
948 451 1178 488 meridianis
1193 452 1401 500 oppositae

214 521 360 558 solibus
375 521 620 559 finderentur
633 527 673 559 et
687 521 869 571 algerent
881 521 1126 558 meridianae
1139 519 1399 570 aquilonibus.

216 591 323 641 quod
338 604 359 628 e
374 591 528 628 diverso
542 591 751 628 adfectant
768 593 893 628 etiam
907 590 1070 641 quidam
1085 593 1125 627 in
1139 592 1220 627 vite
1234 589 1401 640 ficoque,

212 667 489 710 permutantes
511 664 550 698 in
572 664 837 704 contrarium3
873 660 1076 698 densiores
1099 662 1206 697 enim
1229 659 1323 697 folio
1343 662 1400 696 ita

216 730 298 767 fieri
321 733 527 781 magisque
549 737 761 781 protegere
785 730 958 768 fructum
982 735 1024 767 et
1046 732 1174 766 minus
1197 731 1401 773 amittere,

215 800 412 850 ficumque
458 803 511 838 sic
557 804 681 838 etiam
727 800 935 838 scansilem
982 800 1078 837 fieri.
1137 798 1315 850 plerique
1361 798 1401 836 id

214 870 376 906 demum
394 876 538 907 cavent
558 877 599 907 ut
619 870 738 920 plaga
757 870 942 920 deputati
961 872 1176 907 cacuminis
1195 868 1400 906 meridiem

216 945 388 988 spectet,
402 942 527 989 ignari
542 940 686 977 fissuris
701 943 810 976 nimii
825 942 979 990 vaporis
993 941 1137 989 opponi
1153 951 1162 982 ;
1187 939 1227 976 id
1239 939 1400 989 quidem

215 1011 252 1045 in
267 1007 402 1045 horam
418 1009 496 1046 diei
511 1012 693 1060 quintam
709 1009 770 1046 vel
784 1015 967 1047 octavam
982 1015 1166 1059 spectare
1180 1008 1400 1046 maluerim.

215 1092 343 1128 aeque
387 1079 489 1116 latet
534 1093 612 1116 non
658 1079 954 1130 neglegendum
1000 1092 1050 1116 ne
1094 1078 1248 1116 radices
1291 1092 1400 1116 mora

216 1151 440 1185 inarescant
472 1162 572 1186 neve
602 1163 623 1185 a
654 1149 996 1199 septentrionibus
1026 1155 1096 1186 aut
1126 1149 1177 1185 ab
1207 1161 1256 1185 ea
1285 1154 1401 1198 parte

214 1217 313 1254 caeli
357 1232 483 1268 usque
526 1219 575 1255 ad
619 1225 804 1256 exortum
848 1218 1071 1256 brumalem
1114 1224 1235 1255 vento
1277 1217 1400 1255 flante

214 1287 453 1325 effodiantur
472 1289 647 1332 arbores,
666 1295 735 1326 aut
754 1295 865 1326 certe
885 1302 962 1326 non
983 1288 1175 1326 adversae
1194 1287 1253 1325 his
1271 1290 1400 1326 ventis

215 1357 366 1394 radices
384 1359 669 1407 praebeantur,
685 1366 850 1408 propter
867 1359 972 1408 quod
991 1361 1239 1395 emoriuntur
1254 1360 1400 1408 ignaris

215 1440 359 1464 causae
401 1427 593 1478 agricolis.
649 1427 751 1465 Cato
792 1441 928 1465 omnes
970 1434 1109 1465 ventos
1150 1434 1192 1465 et
1232 1427 1399 1465 imbrem

215 1510 373 1547 quoque
409 1500 447 1534 in
483 1504 571 1535 tota
606 1497 868 1535 translatione
904 1498 1085 1535 damnat.
1140 1503 1182 1536 et
1217 1497 1267 1535 ad
1302 1496 1400 1535 haec

216 1567 393 1615 proderit
435 1580 554 1617 quam
597 1567 810 1617 plurimum
852 1574 986 1606 terrae
1028 1571 1067 1604 in
1109 1581 1189 1618 qua
1231 1570 1400 1605 vixerint

216 1636 410 1673 radicibus
437 1635 650 1674 cohaerere
679 1651 725 1674 ac
752 1643 860 1674 totas
887 1640 1065 1687 caespite
1082 1637 1094 1661 ¹
1123 1637 1399 1688 circumligari,

322 1757 331 1776 ¹
356 1761 448 1788 totas
465 1768 541 1789 cum
559 1758 707 1799 caespite
725 1757 786 1798 (vel
802 1761 894 1789 totos
911 1757 1076 1799 caespites
1088 1760 1117 1798 7)
1136 1757 1297 1798 Maylwff.

426 1928 440 1941 a
485 1924 494 1929 ·
520 1923 530 1932 ’
555 1925 565 1934 v
652 1924 670 1943 o

425 1965 438 2027 ζ’
461 1923 601 2041 {23:313
602 1923 669 2042 Ξὴξ
675 1949 832 2008 ⁸pur-pose
850 1967 890 1998 of
903 1966 1040 2008 picking
1058 1965 1117 1998 the
1135 1966 1207 2007 fige.
