1486 2359
114 601 171 631 151

116 1366 176 1398 152

115 1785 140 1815 l.

156 1785 175 1816 3

406 144 594 182 PLINY:
646 143 910 182 NATURAL
948 143 1184 181 HISTORY

202 261 244 285 se
294 248 387 285 colit
440 247 579 284 umbra
630 247 804 284 stolones
855 259 1119 296 supervacuos
1171 252 1382 284 enecante.

201 317 382 354 caeditur
420 320 524 354 intra
559 319 774 366 septimum
813 329 973 352 annum.
1028 315 1225 353 sufficiunt
1262 315 1385 366 peda-

203 393 341 424 menta
377 389 502 437 iugeri
538 389 683 423 vicenis
721 389 925 423 vinearum
961 385 1176 436 iugeribus,
1225 385 1384 436 quando

203 459 327 493 etiam
348 456 469 493 bifida
492 469 541 493 ex
562 459 685 505 stirpe
708 456 822 499 flunt,
843 455 1070 505 durantque
1091 454 1196 492 ultra
1216 454 1384 492 alteram

202 525 322 563 silvae
342 539 437 562 suae
455 539 672 562 caesuram.

255 595 447 632 Aesculus
460 595 641 632 similiter
656 597 852 644 provenit,
863 607 1027 631 caesura
1043 596 1214 631 triennio
1229 594 1384 639 serior,1

203 668 331 702 minus
353 678 508 702 morosa
531 667 638 702 nasci
660 667 699 701 in
722 677 975 714 quacumque
996 670 1104 701 terra
1126 666 1271 702 seritur
1293 677 1384 702 vere

202 734 361 778 balano,
405 734 475 771 sed
520 748 597 770 non
643 737 713 770 nisi
758 733 918 777 aesculi,
962 734 1100 771 scrobe
1143 733 1385 777 dodrantali,

205 803 420 841 intervallis
451 804 620 840 duorum
651 804 821 854 pedum;
866 802 1042 840 saritur*
1072 803 1213 840 leviter
1242 809 1387 854 quater

203 888 319 910 anno.
375 873 447 910 hoe
460 874 750 923 pedamentum
762 875 925 910 minime
937 875 1132 922 putrescit
1143 886 1386 924 caesumque

204 946 377 980 maxime
407 943 583 980 fruticat.
638 949 801 992 praeter
830 942 929 980 haec
960 955 1063 992 quae
1092 943 1263 980 diximus
1293 949 1384 980 sunt

205 1013 357 1050 caedua
373 1013 388 1036 ³
408 1012 598 1056 fraxinus,
618 1012 765 1056 laurus,
785 1015 951 1062 persica,
971 1011 1139 1056 corulus‚
1155 1012 1296 1057 malus,
1315 1013 1386 1050 scd

203 1083 354 1120 tardius
376 1089 592 1119 nascuntur
611 1089 842 1132 terramque
863 1082 996 1120 defixa
1015 1084 1080 1119 vix
1099 1081 1288 1127 tolerant,
1308 1096 1385 1120 non

204 1153 322 1189 modo
343 1166 534 1189 umorem.
589 1152 758 1189 sabucus
779 1158 917 1189 contra
939 1152 1160 1189 firmissima
1180 1152 1231 1189 ad
1250 1152 1384 1202 palum

202 1222 320 1259 taleis
358 1225 502 1259 seritur
538 1228 581 1258 ut
618 1222 799 1271 populus.
855 1235 947 1258 nam
983 1221 1034 1259 de
1069 1234 1255 1272 cupresso
1289 1224 1385 1260 satis

201 1292 384 1329 diximus.

255 1362 417 1399 XXXV.
451 1362 499 1399 Et
526 1362 739 1411 praedictis
765 1362 874 1399 velut
899 1364 1157 1399 armamentis
1182 1364 1384 1399 vinearum

203 1438 329 1469 restat
349 1434 522 1481 ipsarum
543 1437 686 1468 natura
705 1434 918 1481 praecipua
937 1431 1134 1468 tradenda
1152 1445 1258 1468 cura.

254 1501 405 1538 Vitium
439 1501 616 1545 surculis,
655 1507 695 1538 et
731 1501 979 1552 quarundam
1019 1501 1204 1538 arborum
1243 1502 1384 1552 quibus

203 1571 406 1621 fungosior
445 1574 551 1608 intus
592 1577 750 1614 natura,
788 1571 1005 1621 geniculati
1044 1584 1252 1621 scaporum
1293 1571 1383 1609 nodi

202 1643 493 1690 intersaepiunt
513 1640 740 1677 medullam.
795 1640 946 1677 ferulae
966 1641 1075 1690 ipsae
1101 1640 1240 1678 breves
1267 1646 1308 1678 et
1333 1640 1383 1678 ad

203 1724 357 1747 summa
384 1711 582 1747 breviores
611 1709 784 1747 articulis
814 1712 1014 1760 utrimque
1043 1710 1141 1747 sua⁴
1161 1710 1382 1747 internodia

202 1779 421 1817 includunt.
477 1779 666 1823 medulla,
688 1782 769 1817 sive
793 1779 859 1816 illa
883 1779 1012 1817 vitalis
1037 1782 1167 1816 anima
1192 1786 1267 1824 est,
1289 1786 1383 1818 ante

429 1883 439 1901 ¹
465 1882 664 1913 Caesarina:
689 1883 810 1913 senior.

426 1926 438 1944 ²
461 1925 550 1956 Ian:
575 1926 708 1956 seritur.

425 1969 438 1987 ³
464 1968 620 2008 Muydmff
631 1980 638 1998 ι
663 1970 744 1999 sunt
761 1967 890 1999 caedua
907 1977 994 2008 quae
1010 1967 1169 2000 diximus.

425 2012 438 2029 ⁴
463 2011 637 2050 ,lla-rshaeqss:
664 2011 782 2051 utique
814 2011 840 2041 si
859 2011 890 2041 in
910 2015 980 2047 (aul
998 2011 1048 2042 his
1066 2011 1124 2050 in).

203 2084 270 2116 104
