1486 2359
424 151 613 189 PLINY:
666 152 929 189 NATURAL
966 152 1001 188 11
1013 151 1201 188 ls'ronY

220 261 480 305 agrestesque
509 268 615 298 usus,
635 254 706 291 sed
735 254 876 304 quibus
902 256 983 291 vita
1011 260 1169 291 constet
1199 253 1402 306 honosque

220 328 325 376 apud
346 330 490 376 priscos
511 329 706 363 maximus
726 326 858 363 suerit.

179 406 198 435 ϋ
272 399 322 436 ΙΙ.
354 400 546 436 Arvorum
564 399 793 436 sacerdotes
811 398 1000 436 Romulus
1019 401 1058 436 in
1076 401 1211 449 primis
1228 402 1402 437 instituit

219 486 340 522 seque
359 472 638 509 duodecimum
655 471 822 508 fratrem
839 471 1055 521 appellavit
1073 474 1178 509 inter
1193 471 1277 509 illos
1295 472 1401 510 Acca

220 544 408 581 Larentia
426 547 578 581 nutrice
595 558 666 581 sua
681 546 854 594 genit03‚
870 547 1004 594 spicea
1019 557 1163 581 corona
1181 557 1284 595 quae
1301 547 1401 582 vitta

219 617 306 653 alba
351 616 606 666 colligaretur
648 616 873 654 sacerdotio
917 619 952 653 ei
996 629 1067 666 pro
1111 616 1403 667 religiosissimo

219 693 359 736 insigni
383 690 494 732 data,
516 702 619 739 quae
641 692 768 739 prima
790 689 896 739 apud
919 689 1117 726 Romanos
1139 689 1215 726 fuit
1235 701 1402 733 corona;

218 762 421 812 honosque
456 764 485 798 is
521 775 598 798 non
634 764 705 798 nisi
741 764 823 798 vita
858 762 993 798 finitur
1027 767 1070 799 et
1105 761 1242 799 exules
1277 764 1400 799 etiam

178 839 196 869 7
215 841 434 884 captosque
463 837 690 871 comitatur.
746 834 840 870 bina
868 840 964 871 tunc
995 837 1131 884 iugera
1161 847 1198 884 p.
1230 834 1275 872 R.
1305 837 1401 872 satis

218 913 346 943 erant.
395 906 569 956 nullique
618 909 809 943 maiorem
859 906 1021 943 modun]
1069 907 1277 951 adtribuit,
1324 920 1402 957 quo

217 993 416 1015 servorun]
436 979 553 1029 paulo
571 985 666 1016 ante
684 981 873 1028 principis
894 978 1061 1015 Neronis
1078 985 1270 1016 contento
1288 978 1402 1017 huius

217 1054 334 1101 spatii
380 1051 611 1088 viridiariis?
667 1054 835 1101 piscinas
879 1054 988 1088 iuvat
1029 1054 1198 1089 maiores
1241 1051 1402 1097 habere,

216 1131 457 1174 gratumque
484 1127 514 1161 si
545 1138 620 1160 non
649 1124 824 1174 aliquem
851 1123 1014 1161 culinas.
1071 1124 1202 1161 Numa
1228 1127 1401 1162 instituit

216 1197 310 1234 deos
336 1196 448 1247 fruge
472 1196 602 1234 colere
627 1203 668 1233 et
694 1196 798 1234 mola
822 1196 926 1233 salsa
950 1196 1173 1247 supplicare
1196 1203 1333 1248 atque,
1357 1204 1401 1235 ut

216 1276 354 1306 auctor
374 1276 433 1306 est
457 1269 643 1312 Hemina,
663 1269 724 1305 far
744 1276 909 1313 torrere,
931 1272 1121 1319 quoniam
1141 1275 1292 1307 tostum
1312 1271 1400 1308 cibo

214 1342 406 1378 salubrius
437 1348 556 1383 esset,
586 1342 624 1379 id
655 1355 732 1378 uno
764 1342 882 1379 modo
911 1348 1161 1387 consecutus,
1182 1343 1399 1380 statuendo

176 1419 195 1449 8
216 1429 292 1451 non
325 1429 410 1451 esse
442 1428 582 1464 purum
614 1415 664 1451 ad
694 1428 776 1451 rem
807 1415 980 1451 divinam
1010 1417 1049 1451 ni
1077 1420 1241 1452 tostum.
1296 1418 1327 1452 is
1357 1421 1397 1453 et

219 1487 446 1524 Fornacalia
480 1490 652 1524 instituit
686 1487 799 1523 farris
830 1487 1007 1524 torrendi
1039 1486 1156 1525 ferias
1193 1494 1235 1525 et
1270 1501 1398 1538 aeque

216 1560 417 1609 religiosas
455 1559 648 1596 'l‘erminis
689 1571 896 1610 agrorum3
939 1559 1008 1597 hos
1043 1562 1149 1597 enim
1182 1560 1277 1597 deos
1312 1567 1397 1597 tum

216 1635 387 1669 maxime
427 1638 634 1676 noverant,
663 1632 877 1682 Seiamque
916 1645 938 1668 a
976 1632 1159 1677 serendo,
1189 1632 1397 1683 Segestam

215 1718 236 1740 a
292 1705 496 1754 segetibus
552 1704 825 1754 appellabant,
871 1718 1039 1755 quarum
1094 1705 1304 1743 simulacra
1359 1708 1397 1743 in

256 1848 270 1861 ⁰
294 1843 365 1873 The
383 1842 504 1874 twelvn
523 1843 659 1874 Fratres
677 1842 818 1873 Arvales
835 1842 910 1874 who
928 1842 1054 1874 offered
1072 1853 1092 1874 a
1114 1843 1232 1884 yearly
1249 1843 1398 1875 sacrifice

216 1893 252 1919 to
270 1886 328 1917 tho
349 1886 448 1917 Lares
467 1885 505 1917 os
519 1885 578 1917 the
596 1885 691 1917 fields
710 1886 742 1916 in
760 1885 860 1917 order
877 1890 914 1917 to
931 1896 1046 1917 secure
1063 1886 1152 1927 good
1171 1886 1336 1918 harvests.

256 1928 268 1946 ⁶
295 1928 455 1969 Properly
510 1928 568 1969 sar
587 1943 618 1954 2-
639 1927 720 1960 ador
739 1942 769 1953 =
794 1928 861 1967 ζειὰ
915 1927 1067 1962 δίκοκκος
1119 1939 1189 1960 was
1235 1929 1398 1961 Triticum

215 1972 380 2003 dicoccnm
404 1971 626 2012 two-grained
654 1982 691 2003 or
717 1971 1026 2007 ‘emmer-wheat’.
1054 1974 1115 2003 not
1143 1971 1282 2013 ‘spelt'.
1328 1972 1398 2004 Far

215 2025 283 2046 was
302 2014 471 2046 beardless
491 2015 519 2055 (ξ
536 2015 603 2051 92),
623 2014 685 2045 but
702 2019 791 2045 most
809 2019 816 2030 “
829 2014 992 2046 emmers'
1011 2024 1086 2045 now
1102 2013 1189 2046 have
1207 2014 1338 2046 beards.

217 2088 281 2122 ¹92
