1486 2359
134 334 195 364 333

134 706 196 737 334

135 974 197 1003 335

135 1401 198 1433 336

434 171 598 209 PLINY
614 185 622 209 ε
666 172 812 209 NATU
821 172 928 208 RAI.
965 171 1200 209 HISTORY

224 288 343 324 quam
361 274 375 297 1
406 275 530 311 doceo
559 275 845 312 occurrendum
876 277 1043 325 ingeniis
1073 288 1232 325 quoque
1262 277 1405 324 inperi-

222 334 352 364 torum
399 334 482 365 est:
499 328 514 351 ²
559 328 766 365 meridiem
812 331 946 365 excuti
961 328 977 351 ³
1024 327 1170 377 placet,
1217 331 1403 378 quoniam

223 394 380 430 semper
413 381 521 418 idem
556 387 632 425 est,
665 381 723 418 sol
757 387 894 418 autem
927 382 1074 418 cotidie
1109 394 1158 419 ex
1195 381 1270 418 alio
1303 381 1402 419 caeli

223 440 428 472 momento
443 448 562 485 quam
578 435 704 484 pridie
719 438 856 479 oritur,
871 447 920 472 ne
936 437 1022 485 quis
1036 434 1140 472 forte
1155 435 1206 472 ad
1220 441 1402 472 exortum

221 488 458 537 capiendam
477 494 595 538 putet
615 488 782 525 limam!

276 542 337 578 Ita
371 541 472 578 caeli
507 548 651 579 exacta
686 547 801 591 parte
837 541 943 591 quod
977 541 1097 579 fuerit
1132 541 1250 578 liniae
1283 547 1405 591 caput

223 598 486 644 septentrioni
511 598 736 644 proximum
761 609 783 631 a
807 601 923 644 parte
949 597 1129 632 exortiva
1153 594 1403 632 solstitialem

223 647 389 685 habebit
412 655 612 692 exortum,
632 648 705 686 hoc
727 655 787 686 est
808 649 1022 698 longissimi
1045 648 1137 692 diei,
1159 654 1404 698 ventumque

223 702 450 751 aquilonem
478 702 629 739 borean
658 702 819 739 Graecis
848 702 1012 739 dictum.
1067 704 1107 738 in
1135 701 1238 739 hunc
1267 704 1405 751 ponito

224 756 383 792 arbores
402 758 607 805 vitesque3
639 756 710 793 sed
728 755 801 793 hoc
821 755 944 793 flante
963 769 1013 792 ne
1032 761 1159 799 arato,
1177 755 1334 806 frugem
1354 768 1403 793 ne

222 812 357 851 serito,
392 822 530 846 semen
566 822 616 845 ne
652 812 794 852 iacito3
844 811 1102 858 praestringit
1138 811 1245 846 enim
1281 814 1404 859 atque

223 862 431 911 praegelat
450 861 512 899 hic
531 863 682 900 radices
700 863 884 899 arborum
903 876 1000 913 quas
1018 865 1216 912 positurus
1234 861 1403 900 adferes.

223 916 460 964 praedoctus
477 916 492 939 ⁵
513 922 620 953 esto:
655 916 731 952 alia
752 916 922 953 robustis
948 921 1129 966 prosunt,
1149 915 1225 952 alia
1245 915 1405 953 infanti-

224 970 308 1005 bus.
364 969 464 1019 (Nec
488 983 575 1006 sum
596 969 741 1006 oblitus
761 972 801 1006 in
828 969 902 1007 hac
921 975 1036 1019 parte
1058 975 1222 1006 ventum
1243 969 1404 1007 Graecis

224 1025 315 1072 poni
345 1036 464 1072 quem
487 1025 625 1061 καικίαν
655 1029 820 1065 vocant3
851 1023 922 1060 sed
950 1023 1057 1060 idem
1077 1023 1329 1067 Aristoteles,
1349 1025 1406 1060 vir

223 1079 427 1113 inmensae
441 1077 688 1120 subtilitatis,
701 1079 767 1127 qui
782 1077 823 1114 id
841 1079 970 1126 ipsum
983 1076 1093 1120 fecit,
1104 1079 1300 1114 rationem
1313 1090 1404 1114 con—

224 1132 411 1166 vexitatis
440 1130 578 1167 mundi
607 1129 740 1167 reddit
761 1144 839 1180 qua
859 1133 1078 1167 contrarius
1108 1130 1240 1180 aquilo
1269 1129 1405 1167 Africo

223 1182 343 1232 flet.⁶)
392 1197 464 1219 nec
480 1189 618 1220 tamcn
635 1197 727 1221 eum
743 1190 832 1221 toto
848 1197 952 1221 anno
968 1186 1007 1220 in
1026 1184 1239 1233 praedictis
1259 1186 1404 1221 timeto

223 1236 418 1285 agricola;
465 1237 640 1274 mollitur
673 1237 801 1274 sidere
835 1243 991 1274 aestate
1026 1237 1159 1274 media
1191 1243 1403 1287 mutatque

224 1304 369 1327 nomen
382 1290 596 1327 ⁷—etesias
610 1297 784 1328 vocatur.
832 1304 926 1341 ergo
938 1304 1029 1328 cum
1042 1290 1229 1341 frigidum
1241 1294 1404 1335 senties,

222 1350 378 1387 caveto,
399 1349 521 1393 atque
542 1357 632 1381 cum
653 1344 784 1394 aquilo
805 1345 1059 1394 praedicetur
1074 1344 1110 1381 ⁸:
1139 1350 1254 1381 tanto
1275 1347 1404 1394 perni-

223 1399 361 1433 ciosior
385 1401 658 1447 septentrione
674 1398 689 1421 ⁹
713 1404 786 1435 est.
841 1401 881 1434 in
908 1397 1012 1435 hunc
1037 1398 1171 1442 Asiae,
1196 1398 1405 1442 Graeciae,

224 1450 457 1500 Hispaniae,
491 1454 714 1488 maritimae
750 1451 906 1495 Italiae,
940 1452 1199 1501 Campaniae,
1232 1451 1403 1502 Apuliae

223 1504 384 1540 arbusta
403 1507 622 1555 vineaeque
638 1511 835 1555 spectent.
891 1507 958 1555 qui
973 1518 1101 1542 mares
1116 1507 1267 1555 concipi
1283 1505 1405 1549 voles,

274 1589 282 1607 ¹
307 1589 498 1621 Rackham:
526 1600 603 1630 qua.

272 1633 284 1650 ²
307 1643 378 1663 esse
395 1633 558 1673 thrstmjj.

271 1675 284 1692 ³
307 1676 421 1716 exigi?
440 1676 602 1717 Maylzoff.

268 1719 280 1737 ⁴
304 1719 436 1749 ratione
476 1720 503 1758 (ξ
543 1720 619 1758 322)
647 1744 652 1750 .
681 1744 686 1750 .
714 1744 720 1751 .
745 1719 863 1751 liniam
903 1721 1149 1761 transponenda
1178 1720 1221 1751 ad
1259 1720 1274 1760 ᾖ
1313 1720 1400 1751 326?

233 1761 466 1801 li'urminqlon.

272 1804 284 1821 ⁶
310 1804 416 1836 Gelen.
435 1817 442 1835 ε
468 1805 662 1846 praedictus
680 1809 765 1846 (-um
784 1805 972 1847 Dellessen).

272 1847 284 1865 ⁶
309 1847 500 1879 Buca-ham:
526 1848 597 1880 flat.

270 1891 280 1907 Τ
306 1901 429 1921 nomen
447 1895 507 1922 et?
540 1891 772 1931 Warminyton.

271 1934 282 1949 ⁸
307 1933 464 1974 Jlaylzoff
477 1946 483 1965 :
510 1934 726 1975 praedicitur.

271 1978 282 1992 ”
308 1977 464 2018 Mayhosf
474 1989 480 2008 :
506 1979 704 2019 septentrio.

271 2094 292 2126 ὃ
493 2053 507 2066 ⁰
534 2047 694 2089 Properly
711 2048 1035 2081 north-north-east.

222 2103 267 2138 39
