1486 2359
138 822 178 854 73

138 1273 179 1303 74

408 135 603 174 PLINY:
654 134 917 173 NATURAL
953 134 1190 173 HISTORY

206 241 374 289 perspici
412 238 611 288 quaedam
649 240 816 287 possint,
853 251 932 274 non
961 237 1187 275 omittendo
1218 243 1388 276 naturae

205 302 392 340 miraculo
426 316 447 340 e
480 308 565 339 tam
598 315 719 352 parvo
751 304 862 353 gigni
896 302 1055 339 arbores
1087 307 1204 339 tanto
1237 305 1386 340 maiore

204 370 325 404 tritici
347 373 388 404 et
409 366 546 404 hordei
566 380 705 417 grano,
726 380 776 403 ne
798 369 884 416 quis
905 366 1041 403 fabam
1061 372 1237 416 reputet.
1292 366 1388 417 quid

205 431 331 469 simile
375 434 515 481 origini
559 444 654 468 suae
698 429 851 468 habent
894 430 1090 467 malorum
1133 433 1387 481 pirorumque

204 496 384 533 semina?
408 495 466 532 his
490 498 689 545 principiis
714 501 972 545 respuentem
995 508 1153 532 secures
1176 497 1387 532 materiem

205 563 326 604 nasci,
357 560 551 597 indomita
581 559 822 610 ponderibus
853 562 1041 597 inmensis
1072 558 1197 609 prela,
1227 559 1387 597 arbores

205 624 314 668 velis,
331 625 506 661 turribus
526 627 728 674 murisque
748 623 984 674 inpellendis
1005 624 1172 660 arietes!
1207 623 1306 661 haec
1326 630 1387 661 est

205 695 374 726 naturae
408 689 496 731 viS‚l
527 687 625 726 haec
666 691 862 739 potentia.
916 701 1035 738 super
1075 691 1208 725 omnia
1249 690 1324 726 erit
1366 702 1387 726 e

203 753 364 790 lacrima
383 756 489 790 nasci
509 752 671 804 aliquid,
688 759 734 790 ut
753 766 823 790 suo
841 752 927 790 loco
945 753 1134 790 dicemus.

256 818 362 868 Ergo
393 831 414 854 e
443 831 629 867 cupresso
659 817 948 855 femina—mas
978 820 1100 861 enim,
1129 823 1174 854 ut
1202 817 1388 861 diximus,

205 896 283 919 non
332 881 663 932 gignit—pilulae
713 881 907 919 collectae
959 882 1101 931 quibus
1150 881 1389 919 docuimus²

205 947 406 983 mensibus
431 949 630 984 siccantur
654 945 750 989 sole,
775 952 999 996 ruptaeque
1028 949 1221 983 emittunt
1250 959 1387 984 semen

204 1011 374 1048 formicis
405 1013 502 1048 mire
534 1013 774 1060 expetitum,
805 1010 997 1060 ampliato
1036 1012 1159 1047 etiam
1199 1010 1388 1048 miraculo

203 1075 350 1112 tantuli
400 1075 579 1112 animalis
628 1075 715 1112 cibo
755 1075 909 1112 absumi
958 1074 1136 1112 natalem
1181 1081 1385 1112 tantarum

207 1140 405 1177 arborum.
472 1143 618 1176 seritur
677 1140 803 1189 Aprili
859 1153 1010 1183 mense,
1066 1153 1160 1177 area
1214 1146 1387 1190 aequata

204 1205 391 1254 cylindris
435 1211 505 1241 aut
550 1204 772 1254 paviculis‚³
809 1204 993 1247 densum,
1025 1209 1216 1254 terraque
1252 1205 1387 1242 cribris

205 1272 543 1318 ¹superincernitur
579 1268 730 1318 pollicis
761 1269 1047 1306 crassitudine:
1089 1274 1228 1306 contra
1261 1272 1387 1307 maius

205 1334 358 1383 pondus
403 1333 588 1370 attollere
633 1347 674 1370 se
719 1347 797 1370 non
842 1333 950 1370 valet
986 1338 1277 1384 torqueturque
1313 1334 1386 1371 sub

203 1404 352 1434 terram
366 1410 376 1442 ;
388 1398 403 1421 ‘¹
430 1398 480 1434 ob
498 1397 570 1434 hoc
588 1404 630 1435 et
647 1400 806 1447 pavitur
819 1401 1008 1448 vestigiis.
1046 1397 1218 1435 leniter⁵
1234 1400 1388 1449 rigatur

205 1476 227 1498 a
255 1462 345 1498 solis
374 1476 515 1499 occasu
544 1465 583 1498 in
611 1465 724 1499 trinis
753 1462 908 1505 diebus,
937 1469 981 1499 ut
1010 1462 1234 1512 aequaliter
1260 1462 1387 1508 bibat,

203 1526 330 1563 donec
350 1533 574 1576 erumpant.
628 1526 865 1563 differuntur
883 1533 973 1576 post
993 1540 1140 1563 annum
1160 1526 1386 1564 dodrantali

207 1590 284 1634 filo,
313 1591 513 1628 custodita
542 1593 739 1640 temperie
770 1597 814 1627 ut
846 1591 957 1627 viridi
987 1591 1099 1628 caelo
1128 1597 1312 1628 serantur
1341 1604 1386 1628 ac

205 1658 288 1692 sine
321 1669 429 1692 aura.
484 1657 707 1706 mirumque
739 1655 863 1699 dictu,
895 1655 1113 1705 periculum
1147 1668 1194 1693 eo
1225 1661 1384 1693 tantum

258 1784 270 1803 ¹
295 1783 492 1814 Caesarius:
519 1787 641 1814 natura
657 1784 739 1816 eius.

258 1827 270 1845 ⁸
292 1826 493 1858 docuimus?
513 1827 682 1867 Maylcoss:
708 1826 817 1858 docui.

254 1870 266 1888 ³
294 1869 445 1901 Urlichs:
481 1869 658 1901 mlviculis
690 1869 864 1910 Mayhoff:
903 1868 1072 1901 uuluoalis
1102 1874 1160 1901 aut
1189 1868 1292 1912 uulgo
1322 1869 1385 1901 alis

208 1916 266 1943 aut
282 1912 473 1951 uulgiualis.

254 1956 266 1974 ⁴
289 1955 478 1987 Rackham:
505 1960 605 1987 terra..

258 1999 268 2015 ⁵
296 1999 398 2030 lidda
424 1999 553 2030 leviter.

204 2077 250 2114 50
