1486 2359
140 345 196 376 161

138 1006 198 1037 163

436 175 624 213 PLINY:
668 175 930 213 NATURAL
967 175 1203 213 HISTORY

227 280 427 317 omnium¹
467 293 569 329 quae
611 279 779 316 fastidiis
809 308 817 316 .
855 308 862 316 .
900 280 928 315 .²
966 283 1168 316 cuminum
1211 282 1408 317 amicissu-

228 354 349 376 mum.
406 343 580 376 nascitur
603 342 642 376 in
665 353 818 376 summa
842 339 985 376 tellure
1015 342 1078 376 vix
1107 338 1274 377 haerens
1299 346 1340 377 et
1369 343 1408 376 in

227 400 394 436 sublime
415 400 601 443 tendens,
621 402 658 436 in
687 399 868 449 putribus
889 405 931 436 et
950 399 1085 436 calidis
1114 403 1287 437 maxime
1316 400 1408 437 locis

228 460 359 496 medio
387 460 599 496 serendum
621 472 725 496 vere.
781 459 952 496 alterum
973 462 1056 496 eius
1084 472 1210 509 genus
1230 460 1409 497 silvestre

227 520 334 570 quod
362 522 552 557 rusticum
581 525 738 563 vocant,
764 519 828 556 alii
852 519 1110 563 Thebaicum,
1133 522 1164 556 si
1188 523 1328 557 tritum
1357 533 1408 557 ex

228 593 330 630 aqua
347 586 510 630 potetur
526 583 564 616 in
579 579 714 616 dolore
731 578 958 623 stomachi,³
972 582 1012 616 in
1026 579 1269 629 Carpetania
1285 582 1408 617 nostri

227 640 330 677 orbis
352 642 524 677 maxime
545 640 746 683 laudatur,
767 639 912 690 alioqui
935 639 1172 689 Aethiopico
1194 639 1409 691 Africoque

227 700 358 750 palma
384 706 467 743 est;
506 700 669 750 quidam
694 699 783 736 huic
799 699 814 722 4
840 700 1088 750 Aegyptium
1111 699 1356 750 praeferunt.

278 760 464 797 XLVIII.
496 760 575 797 Sed
604 763 818 809 praecipue
847 759 1067 797 olusatrum
1097 763 1220 797 mirae
1240 766 1410 798 naturae

228 827 310 863 est;
340 819 630 870 hipposelinum
655 820 799 857 Graeci
827 825 985 863 vocant,
1005 820 1070 856 alii
1098 823 1332 871 zmyrnium.
1387 833 1410 858 e

227 880 387 917 lacrima
409 879 530 917 caulis
554 883 613 917 sui
634 882 824 923 nascitur,
844 882 989 917 seritur
1008 885 1050 917 et
1073 880 1217 917 radice.
1272 893 1409 917 sucum

227 943 310 977 eius
341 943 408 990 qui
436 940 627 990 colligunt
656 953 813 977 murrae
847 953 1031 989 saporem
1069 939 1219 977 habere
1256 940 1408 984 dicunt,

226 1007 442 1050 auctorque
457 1007 517 1037 est
530 999 828 1050 Theophrastus
841 1014 973 1037 murra
985 1006 1075 1037 sata
1088 1006 1240 1038 natum.
1273 1000 1410 1051 hippo-

226 1061 394 1098 selinum
408 1066 563 1097 veteres
577 1066 867 1110 praeceperant
881 1062 919 1097 in
933 1060 1025 1097 locis
1039 1060 1210 1105 incultis,
1222 1061 1409 1111 lapidosis

227 1124 339 1158 iuxta
368 1124 581 1157 maceriam
602 1123 835 1157 seri—nunc
856 1126 898 1158 et
927 1123 1174 1170 repastinato
1203 1124 1347 1158 seritur
1367 1126 1409 1158 et

227 1195 249 1218 a
264 1181 421 1217 favonio
442 1187 531 1230 post
547 1184 844 1231 aequinoctium
860 1184 1298 1232 autumnum—quippe
1314 1195 1405 1220 cum

225 1244 405 1291 capparis
424 1254 582 1291 quoque
601 1247 757 1278 seratur
775 1243 885 1278 siccis
904 1244 1092 1285 maxime,
1111 1254 1203 1279 area
1222 1244 1261 1278 in
1279 1241 1409 1281 defos-

226 1315 313 1338 sum
341 1307 483 1338 cavata
512 1303 684 1351 ripisque
714 1301 889 1351 undique
917 1304 1226 1338 circumstructis
1254 1301 1408 1352 lapide;

227 1361 324 1398 alias
349 1367 543 1411 evagatur
566 1374 638 1410 per
661 1375 776 1411 agros
801 1367 844 1398 et
867 1364 974 1412 cogit
999 1361 1124 1398 solum
1149 1362 1407 1400 sterilescere.

226 1421 341 1458 floret
369 1427 540 1465 aestate,
568 1424 669 1458 viret
698 1435 823 1471 usque
851 1421 902 1458 ad
932 1421 1184 1472 vergiliarum
1212 1435 1408 1467 occasum,

225 1481 416 1519 sabulosis
461 1481 823 1518 familiarissimum.
879 1484 975 1518 vitia
1020 1485 1102 1519 eius
1149 1482 1254 1532 quod
1299 1488 1408 1520 trans

227 1545 349 1578 maria
373 1544 547 1579 nascitur
568 1541 738 1578 diximus
762 1544 865 1578 inter
887 1545 1115 1592 peregrinos
1137 1541 1310 1580 frutices.

389 1636 400 1654 ¹
429 1634 581 1666 Urlichs:
605 1635 669 1665 alii
683 1634 754 1665 alia
771 1635 896 1666 omnia.

387 1679 400 1697 ²
421 1678 591 1709 Lacunam
613 1678 642 1709 U
646 1677 765 1709 rliclm:
791 1679 923 1716 <amica
938 1680 1067 1718 suno?
1087 1678 1248 1720 Maylwff.

385 1721 398 1740 ³
420 1721 587 1752 stomachi
605 1721 785 1762 <prodest>
803 1721 873 1753 edd.

385 1765 398 1783 ⁴
421 1764 528 1796 Edd.:
555 1764 627 1795 hoc.

399 1920 413 1934 ⁰
435 1916 506 1946 The
527 1916 608 1946 verb
628 1915 688 1946 has
708 1915 791 1946 been
811 1915 876 1947 lost
896 1916 928 1947 in
948 1915 1007 1948 the
1026 1915 1126 1948 Latin
1147 1919 1232 1949 text.

393 1958 406 1977 ⁶
431 1959 531 1990 From
548 1959 682 1990 Thebes
698 1958 731 1990 in
750 1958 876 2000 Egypt.

394 2007 405 2021 ‘
427 2004 498 2033 Our
521 2001 732 2033 alexanders.

391 2044 404 2063 ¹¹
427 2045 516 2077 llist.
538 2045 645 2076 Plane.
666 2044 729 2076 IX.
746 2045 767 2077 i.

226 2117 296 2154 524
