1486 2359
152 734 208 766 126

150 1636 207 1668 128

446 174 612 212 PLINY
626 188 635 212 ι
679 174 942 212 NATURAL
977 173 1214 212 HISTORY

238 278 529 329 prodiderint—
535 278 672 316 folium
683 277 742 315 his
752 277 870 328 paulo
881 280 1006 315 maius
1018 277 1215 316 herbaceo
1224 285 1266 316 et
1277 291 1416 330 angus-

237 346 448 387 tissimum,
477 348 522 380 ut
541 342 634 380 alibi
652 348 889 392 consumpto
910 345 1222 387 increment0—,
1243 343 1414 381 alterum

238 407 396 444 rotundi
442 407 578 451 caulis,
622 409 787 444 tertium
833 406 981 451 sessile,
1026 407 1132 457 quod
1177 407 1416 445 Laconicum

239 478 392 509 vocant.
448 471 510 508 alii
536 471 666 509 colore
692 478 734 509 et
758 477 940 521 tempore
965 477 1076 508 satus
1100 485 1251 522 genera
1274 472 1418 510 discre-

237 549 328 573 vere
342 549 351 580 ;
377 549 462 574 esse
479 539 584 573 enim
599 538 730 586 nigras
746 549 914 586 quarum
928 548 1066 573 semen
1081 549 1217 573 mense
1233 536 1417 574 Ianuario

236 607 404 645 seratur,
443 600 552 637 albas
597 614 766 651 quarum
813 599 976 643 Martio,
1012 600 1204 638 rubentes
1248 614 1415 652 quarum

239 665 378 715 Aprili,
401 671 443 702 et
466 668 642 702 omnium
667 678 804 702 earum
827 664 986 714 plantas
1009 670 1100 715 post
1123 665 1235 702 binos
1259 678 1416 703 menses

236 729 393 766 differri.
447 729 718 780 diligentiores
763 729 876 779 plura
920 742 1070 780 genera
1114 729 1281 775 faciunt,
1326 743 1417 780 pur·

236 807 393 844 puteas,
414 797 575 844 crispas,
597 793 907 844 Cappadocicas‚
931 793 1120 838 Graecas,
1141 793 1295 832 levioris
1312 795 1326 818 ¹
1347 793 1418 831 has

237 858 318 895 folii
335 858 537 909 caulisque
556 858 641 901 lati,
660 864 872 908 praeterea
890 857 997 909 longi
1017 864 1059 896 et
1077 861 1252 909 angusti,
1269 859 1417 897 intubis

236 923 395 966 similis3
434 926 651 973 pessimum
677 929 814 960 autem
840 935 966 973 genus
992 936 1082 959 cum
1109 923 1418 973 exprobratione

236 987 508 1025 amaritudinis
530 987 781 1037 appellavere
805 987 963 1036 πικρίδα.
1011 993 1072 1024 est
1096 990 1318 1026 etiamnum
1341 987 1417 1025 alia

236 1052 437 1089 distinctio
468 1051 583 1089 albae
610 1065 713 1102 quae
737 1053 895 1101 μηκωνὶς
927 1057 1092 1089 vocatur
1118 1065 1141 1088 a
1166 1055 1280 1103 copia
1302 1051 1417 1090 lactis

236 1116 455 1166 soporiferi,
473 1130 717 1167 quamquam
736 1130 873 1153 omnes
891 1130 1074 1153 somnum
1091 1129 1232 1167 parere
1250 1117 1416 1155 credun-

235 1186 322 1224 tur3
362 1181 469 1231 apud
495 1183 679 1231 antiquos
708 1180 850 1217 Italiae
876 1180 949 1218 hoc
974 1180 1101 1218 solum
1126 1194 1252 1232 genus
1279 1195 1416 1219 earum

235 1245 325 1290 fuit,
361 1252 402 1282 ct
438 1245 528 1282 ideo
562 1245 726 1282 lactucis
763 1258 908 1282 nomen
945 1258 967 1281 a
1003 1245 1121 1283 lacte.
1176 1259 1416 1296 purpuream

235 1312 434 1347 maximae
455 1310 596 1347 radicis
618 1309 888 1347 Caecilianam
911 1316 1068 1354 vocant,
1089 1310 1303 1348 rotundam
1325 1324 1417 1348 vero

235 1387 281 1411 ac
309 1377 472 1411 minima
500 1374 647 1418 radice,
677 1374 768 1411 latis
802 1373 917 1419 foliis,
949 1375 1140 1418 ἀστυτίδα,
1175 1375 1417 1426 quidamque

235 1441 451 1489 «ὐιόυχεῖον,
472 1442 659 1489 quoniam
687 1438 786 1476 haec
815 1442 987 1476 maxime
1015 1438 1242 1490 refragetur
1268 1442 1414 1477 veneri.

236 1510 297 1541 est
334 1504 496 1554 quidem
534 1510 677 1540 natura
715 1504 897 1540 omnibus
935 1503 1207 1555 refrigeratrix
1245 1510 1287 1542 et
1325 1505 1414 1542 ideo

236 1574 392 1604 aestate
410 1571 553 1618 gratia.
607 1567 814 1605 stomacho
831 1568 1036 1605 fastidium
1055 1568 1243 1606 auferunt
1260 1569 1416 1620 cibique

235 1632 513 1682 adpetentiam
530 1632 695 1669 faciunt.
750 1632 862 1669 divus
880 1638 990 1669 certe
1008 1633 1214 1684 Augustus
1230 1633 1245 1656 ¹
1261 1632 1416 1670 lactuca

275 1756 284 1774 ¹
311 1755 470 1787 levioris?
487 1766 502 1787 e
521 1755 647 1787 Colum.
669 1755 842 1796 Mayhoff:
871 1755 1039 1797 longioris.

273 1799 285 1818 ²
309 1799 416 1830 Edd:
449 1803 561 1830 oei-tue
583 1798 653 1830 cdd.
673 1803 776 1837 (certe
796 1800 844 1829 cd.
872 1799 945 1830 l'at.
967 1798 1040 1830 Lae.
1061 1799 1158 1837 3861,
1181 1809 1224 1830 m.
1250 1800 1290 1831 2:
1326 1803 1416 1831 certe

227 1841 288 1872 hae
304 1842 352 1873 cd.
369 1841 449 1873 Par.
467 1842 539 1873 Lat.
560 1843 688 1879 10318.)

277 2005 292 2020 ⁰
316 2002 505 2043 According
527 2006 564 2033 to
586 2002 782 2038 Columella,
806 2002 927 2033 named
953 2002 1038 2033 from
1063 2002 1226 2034 Caecilius
1249 2002 1413 2040 Metellus,

236 2044 310 2076 who
327 2047 359 2076 in
379 2046 437 2076 251
461 2053 525 2077 ac.
542 2045 699 2076 defeated
716 2044 774 2076 the
791 2045 1033 2087 Carthaginian
1052 2046 1128 2077 fleat
1145 2050 1181 2076 at
1198 2045 1361 2078 Palm-mo.

234 2117 302 2153 50²
