1486 2359
412 143 602 180 PLINY:
654 143 918 180 NATURAL
956 143 1193 181 HISTORY

212 246 408 283 cavendos
439 245 599 296 frugum
628 259 747 283 causa
779 249 985 296 victusque
1016 246 1396 295 praemonebamus:

214 323 305 344 ecce
321 311 464 345 seritur
480 307 646 344 hominis
662 321 796 345 manu.
814 311 986 345 nectitur
1006 308 1020 332 ¹
1036 308 1213 345 eiusdem
1229 307 1396 345 hominis

210 373 372 419 ingenio
403 369 507 419 quod
540 376 678 407 ventos
709 373 747 406 in
779 372 876 406 mari
907 371 1042 419 optet!
1097 376 1322 419 praeterea,
1352 376 1397 407 ut

213 435 380 468 sciamus
418 431 559 468 favisse
598 431 765 473 Poenas,
805 431 896 468 nihil
936 434 1113 482 gignitur
1149 431 1314 475 facilius,
1352 438 1396 468 ut

213 496 430 530 sentiamus
461 493 621 530 nolente
651 496 724 530 seri
740 493 755 516 ²
784 500 941 536 natura,
964 496 1041 530 urit
1063 507 1203 544 agrum
1225 493 1397 531 deterio-

214 569 377 605 remque
397 558 519 592 etiam
537 561 687 592 terram
706 555 814 592 facit.

168 624 184 652 7
267 617 318 653 ΙΙ.
347 616 500 653 Seritur
527 617 717 654 sabulosis
754 621 926 654 maxime
963 630 1121 667 unoque
1150 617 1269 655 sulco.
1324 631 1396 655 nec

214 682 338 728 magis
368 678 533 716 festinat
556 679 689 716 aliud:
731 692 822 716 vere
851 685 983 716 satum
1014 685 1170 716 aestate
1202 679 1396 721 evellitur,

214 746 255 777 et
269 740 370 777 hanc
385 754 543 790 quoque
559 747 689 778 terrae
705 744 886 778 iniuriam
901 741 1010 778 facit.
1065 744 1244 791 ignoscat
1258 747 1395 778 tamen

213 803 352 852 aliquis
372 803 561 853 Aegypto
580 806 727 840 serenti
749 809 792 840 ut.
812 803 985 839 Arabiae
1007 803 1225 853 Indiaeque
1246 816 1396 840 merces

214 867 411 914 inportet:
461 867 570 902 itane
608 871 649 901 et
687 864 841 901 Galliae
877 871 1092 902 censentur
1127 863 1200 902 hoc
1237 864 1395 902 reditu?

214 933 450 976 montesque
482 929 579 964 mari
613 930 813 976 oppositos
847 940 931 964 esse
967 940 1044 963 non
1077 933 1138 964 est
1170 929 1266 963 satis
1300 933 1342 964 et
1373 940 1396 964 a

213 988 338 1025 latere
377 992 513 1026 oceani
554 989 714 1026 obstare.
754 992 881 1038 ipsum
922 989 1028 1039 quod
1069 995 1210 1026 vocant
1251 988 1396 1026 inane?

168 1058 186 1086 8
213 1050 395 1094 Cadurci,
408 1050 551 1095 Caleti,
565 1051 726 1089 Rutcni.
742 1051 938 1100 Bituriges
953 1051 1176 1101 ultumique
1193 1050 1395 1088 hominurn

214 1115 429 1149 existimati
458 1113 616 1155 Morini,
640 1116 760 1150 immo
786 1127 876 1149 vcro
900 1112 1055 1149 Galliae
1080 1115 1286 1149 universae
1310 1112 1398 1150 vela

214 1180 373 1216 texunt,
413 1177 489 1211 iam
533 1175 692 1224 quidcni
735 1181 775 1211 et
819 1173 1096 1211 transrhenani
1136 1173 1284 1217 hostes,
1325 1188 1397 1212 nec

215 1235 475 1285 pulchriorem
512 1237 629 1273 aliani
667 1243 818 1273 vestem
856 1250 992 1273 eorum
1028 1236 1201 1274 feminae
1238 1249 1395 1274 novere.

215 1312 290 1347 qua
318 1298 588 1335 admonitione
614 1302 802 1335 succurrit
830 1299 936 1349 quod
964 1298 1021 1335 M.
1048 1298 1171 1335 Varro
1195 1298 1333 1343 tradit,
1358 1301 1396 1336 in

214 1360 471 1397 Serranorum
503 1360 651 1397 familia
682 1361 928 1411 gentilicium
960 1373 1046 1397 esse
1077 1359 1244 1397 feminas
1275 1360 1398 1398 lintea

168 1428 187 1457 9
214 1428 324 1458 veste
354 1436 430 1458 non
462 1425 530 1458 uti.
587 1426 624 1459 in
655 1423 870 1459 Germania
898 1429 1035 1459 autem
1063 1422 1246 1459 defossae
1274 1428 1397 1473 atque

214 1484 287 1519 sub
315 1490 419 1520 tcrra
449 1484 486 1520 id
514 1498 611 1534 opus
640 1491 788 1534 agunt;
830 1484 1010 1521 similiter
1036 1487 1159 1521 etiam
1187 1487 1226 1521 in
1255 1484 1396 1522 Italiae

215 1548 375 1591 regione
401 1546 541 1582 Aliana
568 1549 671 1582 inter
696 1546 846 1582 Padum
871 1546 1132 1596 'l'icinumque
1156 1559 1307 1590 amnes,
1330 1546 1395 1583 ubi

214 1620 235 1642 a
253 1606 413 1643 Saetabi
432 1611 552 1644 tertio
570 1611 606 1644 in
626 1608 783 1657 Europa
802 1608 879 1644 lino
897 1608 1042 1657 palma,
1059 1608 1273 1645 secundam
1292 1610 1395 1645 enim

269 1703 277 1720 ¹
304 1702 478 1733 nectitur?
500 1702 672 1742 ΜαῃΙιοΠε
701 1706 826 1734 netur?
861 1702 1100 1742 ll'arnu'nqlo‘n:
1129 1703 1278 1733 metitur.

265 1744 278 1762 ²
303 1745 479 1785 Allssylwss:
506 1745 575 1776 ficri
591 1750 649 1776 (11¹1
667 1745 698 1775 id
717 1745 799 1777 fieri.

257 1896 271 1909 ‘¹
295 1891 352 1923 Le.
371 1891 429 1922 tlw
448 1892 598 1923 Atlantic
619 1902 722 1923 ocean
745 1892 771 1922 is
791 1902 881 1923 mere
897 1892 1092 1933 emptiness,
1114 1892 1150 1924 τὸ
1174 1891 1268 1925 κενόν
1283 1891 1323 1924 of
1337 1891 1396 1924 the

215 1934 454 1975 philosophem.

259 1978 270 1994 '²
294 1978 364 2008 Th«—
379 1977 549 2017 liumidity
567 1988 632 2008 was
647 1977 814 2018 supposed
831 1982 868 2008 to
883 1977 922 2009 be
938 1977 1138 2009 favourable
1154 1981 1189 2009 to
1204 1977 1262 2009 the
1278 1988 1393 2009 manu-

213 2021 342 2051 [ιιι-ωτι·
360 2021 398 2051 of
412 2021 468 2051 the
487 2022 600 2052 tissuc.

213 2093 282 2125 424
