1486 2359
116 801 179 832 318

117 1405 178 1436 311⁸

416 164 604 202 PLINY:
648 164 911 202 NATURAL
947 163 1184 202 HISTORY

207 283 254 307 ea
282 268 552 306 detrahebant
579 274 621 305 et
649 269 850 312 vectibus;
891 270 996 305 intra
1024 280 1046 305 c
1075 281 1198 305 annos
1227 271 1391 306 inventa

207 344 466 387 Graecanica,
493 343 585 380 mali
616 346 722 394 rugis
743 356 815 394 per
842 342 1048 380 cocleam1
1078 343 1390 388 ambulantibus,

207 420 257 457 ab
294 419 377 456 aliis
411 419 545 456 adfixa
580 419 708 456 arbori
747 418 877 462 stella,
911 417 1028 455 aliis²
1066 432 1175 456 arcas
1212 418 1389 469 lapidum

207 494 428 531 adtollente
466 507 600 531 secum
639 494 793 535 arbore.
832 493 937 543 quod
975 496 1150 531 maxime
1186 494 1389 544 probatur.

207 573 310 607 intra
332 582 409 606 xxu
431 568 500 606 hos
520 583 643 606 annos
663 572 870 606 inventum
890 571 1020 618 parvis
1039 569 1157 619 prelis
1177 575 1220 607 et
1237 572 1390 608 minore

205 645 415 682 torculario
440 645 633 688 aedificio,
657 645 837 681 breviore
862 644 968 681 malo
992 647 1032 681 in
1056 645 1190 682 media
1213 645 1391 689 derecto,

206 728 401 771 tympana
444 723 614 770 inposita
658 722 828 756 w'naceis
873 732 1043 769 superne
1086 725 1173 757 toto
1215 720 1391 771 pondere

207 809 375 845 urguere
394 801 435 832 et
452 808 571 845 super
587 795 699 845 prela
714 801 945 832 construere
961 797 1202 845 congeriem.
1257 794 1331 833 hoc
1348 802 1391 834 et

208 885 324 921 poma
353 870 563 921 colligendi
599 877 784 920 tempus3
822 870 1064 907 observafo³
1101 884 1192 908 cum
1232 871 1391 922 aliquod

208 949 456 990 maturitate,
475 959 552 983 non
569 951 830 995 tempestate,
847 945 1053 983 deciderit.
1109 944 1182 984 hoc
1200 952 1242 983 et
1259 945 1391 984 faeces

207 1022 470 1071 exprimendi,
498 1020 571 1058 hoc
600 1027 642 1058 et
669 1020 873 1058 defrutum
902 1021 1099 1071 coquendi
1127 1021 1269 1059 silente
1298 1021 1390 1059 luna

207 1104 325 1135 noctu
350 1103 433 1141 aut,
456 1099 484 1133 si
510 1096 696 1140 interdiu,
719 1096 852 1146 plena,
873 1099 1017 1133 ceteris
1039 1096 1179 1134 diebus
1202 1103 1273 1134 aut
1296 1103 1390 1135 ante

207 1180 390 1211 exortum
412 1172 530 1209 lunae
551 1178 621 1208 aut
641 1177 731 1221 post
751 1185 950 1215 occasum,
970 1185 1043 1209 nec
1063 1171 1114 1209 de
1135 1172 1291 1210 novella
1310 1175 1390 1211 vite

206 1255 274 1285 aut
305 1248 481 1297 palustri,
510 1261 582 1284 nec
609 1249 680 1284 nisi
711 1260 733 1284 e
760 1253 919 1284 matura
948 1246 1055 1284 υνει.4
1108 1250 1139 1284 si
1168 1247 1274 1298 ligno
1300 1261 1390 1286 con-

206 1327 385 1374 tingatur
427 1337 507 1366 vas,
549 1323 736 1360 adustum
780 1329 821 1359 et
864 1322 1063 1359 fumosum
1106 1323 1189 1360 fieri
1230 1329 1388 1374 putant.

206 1403 352 1436 iustum
379 1399 602 1436 vindemiae
626 1404 787 1448 tempus
811 1398 861 1435 ab
885 1401 1138 1448 aequinoctio
1161 1399 1213 1436 ad
1235 1399 1390 1451 vergili·

206 1489 317 1511 arum
337 1488 519 1511 occasum
539 1474 622 1511 dies
642 1485 751 1517 xmv;
783 1474 834 1510 ab
853 1487 900 1511 eo
918 1473 983 1511 die
1001 1473 1202 1511 oraculum
1221 1477 1389 1512 occurrit

207 1550 393 1598 frigidum
411 1552 531 1599 picari
547 1563 618 1599 pro
634 1548 754 1586 nihilo
770 1549 1016 1587 ducentium.
1072 1549 1143 1587 sed
1157 1552 1236 1587 iam
1253 1555 1296 1587 et
1310 1550 1387 1588 kal.

209 1626 292 1662 Ian.
323 1625 483 1662 defectu
514 1637 694 1662 vasorum
725 1624 1016 1662 vindemiantes
1046 1625 1122 1663 vidi
1152 1627 1388 1676 piscinisque

208 1708 340 1739 musta
363 1701 477 1739 condi
502 1706 571 1737 aut
596 1703 686 1737 vina
707 1699 854 1737 effundi
877 1703 1007 1750 priora
1029 1706 1075 1738 ut
1097 1700 1218 1738 dubia
1240 1703 1388 1752 recipe-

117 1781 181 1814 :320
207 1783 355 1814 rentur.
407 1775 480 1813 hoc
512 1789 590 1813 non
618 1781 703 1813 tam
732 1788 853 1825 saepe
881 1782 1075 1825 proventu
1106 1778 1226 1813 nimio
1255 1778 1388 1814 evenit

252 1901 261 1919 ¹
288 1899 444 1940 Mrnshoss
455 1911 461 1930 ε
489 1898 626 1930 cocleas.

250 1944 262 1962 ²
288 1943 460 1983 Maylmff:
486 1942 530 1972 nb
547 1942 618 1973 alis.

250 1987 261 2003 ³
289 1986 460 2026 ,llrtylmssz
486 1985 679 2016 observatio
698 1984 913 2023 (observatur
929 1984 977 2016 cd.
997 1984 1087 2016 Leid.
1106 1995 1138 2016 n.
1160 1984 1235 2021 VII,
1253 1995 1297 2016 m.
1318 1986 1363 2022 2).

253 2030 264 2047 ⁴
293 2029 368 2059 llll.
386 2029 492 2069 quasi,
512 2038 578 2059 uva
595 2029 632 2064 si,
651 2038 715 2058 uva
735 2028 815 2067 quia
832 2028 870 2058 si.

207 2091 278 2137 388
