1486 2359
421 189 611 227 PLINY:
664 190 927 228 NATURAL
965 192 1201 230 HISTORY

221 307 312 330 vero
339 299 427 343 post
456 305 502 329 xv
530 306 652 330 annos
680 292 858 330 Valerius
888 294 1092 331 Marianus
1119 308 1168 331 ex
1197 298 1401 344 praetoriis

220 363 469 400 senatoribus
507 376 528 398 a
570 362 744 400 Puteolis
783 377 886 400 nono
923 364 987 400 die
1026 364 1238 401 lenissumo
1277 365 1400 401 flatu?

174 439 194 468 4
220 433 383 469 herbam
401 446 486 469 esse
503 445 606 483 quae
620 433 754 469 Gades
768 433 818 469 ab
833 433 1012 470 Herculis
1027 434 1217 471 columnis
1233 437 1403 484 septimo

221 503 286 539 die
311 503 466 539 Ostiam
492 502 648 539 adferat
675 508 716 540 et
740 505 962 540 citeriorem
990 503 1221 553 Hispaniam
1248 510 1403 554 quarto,

222 575 461 622 provinciam
483 571 783 609 Narbonensem
800 575 935 615 tertio,
950 572 1125 610 Africam
1145 573 1285 617 altero,
1298 574 1402 624 quod

221 645 343 679 etiam
366 642 606 679 mollissumo
627 641 724 678 flatu
746 645 914 692 contigit
932 642 975 679 C.
993 643 1124 680 Flavio
1146 643 1280 693 legato
1302 643 1402 681 Vibii

222 712 346 761 Crispi
376 711 554 762 procos.?
608 711 740 748 audax
764 715 858 756 vita,
879 712 1073 749 scelerum
1103 713 1236 763 plena,
1257 713 1403 764 aliquid

174 790 194 819 5
220 785 295 819 seri
311 788 352 819 ut
369 788 506 820 ventos
520 782 793 832 procellasque
807 785 956 832 capiat,
970 789 1011 819 et
1026 796 1166 832 parum
1181 796 1266 820 esse
1280 783 1402 821 flucti-

220 853 292 889 bus
321 852 411 889 solis
442 851 544 894 vehi,
570 854 649 888 iam
677 865 769 889 vero
797 865 869 889 nec
898 852 985 889 vela
1015 855 1111 889 satis
1141 866 1226 890 esse
1257 855 1404 890 maiora

221 925 399 972 navigiis,
410 921 494 965 sed,
506 924 684 972 quamvis
697 925 760 958 vix
773 921 786 945 ²
800 922 1050 972 amplitudini
1063 922 1240 960 velorum
1253 929 1404 961 antem-

222 1006 361 1029 narum
391 992 569 1042 singulae
599 992 758 1029 arbores
787 993 997 1036 sufficiant,
1027 1006 1146 1042 super
1174 1006 1241 1030 eas
1270 998 1405 1030 tamen

222 1062 313 1099 addi
325 1062 401 1099 alia
414 1062 500 1099 vela
515 1067 755 1112 praeterque
769 1061 847 1099 alia
858 1062 873 1085 ²
886 1065 924 1099 in
939 1065 1061 1112 proris
1073 1068 1114 1099 et
1126 1062 1201 1099 alia
1214 1065 1253 1100 in
1268 1066 1404 1113 puppi-

222 1132 294 1168 bus
322 1131 456 1181 pandi,
481 1145 525 1169 ac
553 1137 614 1168 tot
643 1131 768 1168 modis
797 1135 999 1181 provocari
1026 1138 1210 1176 mortem,
1233 1132 1405 1183 denique

223 1215 244 1238 e
261 1202 276 1225 ³
290 1208 374 1239 tam
390 1215 510 1251 parvo
525 1204 675 1238 semine
693 1204 798 1238 nasci
816 1201 922 1251 quod
937 1202 1075 1239 orbem
1091 1208 1288 1239 terrarum
1305 1202 1407 1239 ultro

222 1275 320 1308 citro
339 1277 487 1321 portet,
506 1278 589 1308 tam
608 1271 743 1321 gracili
763 1285 904 1313 avena,
924 1278 1005 1308 tam
1029 1285 1106 1308 non
1125 1272 1206 1309 alte
1224 1285 1247 1308 a
1265 1272 1406 1309 tellure

223 1341 321 1384 tolli,
362 1354 492 1392 neque
534 1341 573 1378 id
615 1341 759 1378 viribus
801 1345 878 1378 suis
923 1355 1084 1385 nexum,
1125 1342 1195 1379 sed
1236 1341 1406 1380 fractum

223 1418 466 1462 tunsumque
487 1417 528 1448 et
547 1414 586 1448 in
606 1411 812 1448 mollitiem
831 1411 947 1449 lanae
965 1417 1149 1449 coactum
1170 1414 1308 1449 iniuria
1327 1412 1376 1449 ad
1392 1412 1406 1435 ⁴

177 1488 197 1518 6
223 1495 377 1518 summa
397 1481 588 1518 audaciae
609 1481 846 1530 pervenire.⁵
902 1481 1007 1518 nulla
1028 1485 1249 1519 exsecratio
1267 1482 1404 1519 sufficit

223 1557 360 1588 contra
385 1554 632 1588 inventorem
656 1551 807 1588 dictum
832 1565 902 1588 suo
927 1551 1010 1588 loco
1033 1565 1054 1587 a
1080 1551 1206 1595 nobis,
1228 1554 1289 1589 cui
1312 1555 1408 1589 satis

226 1635 302 1658 non
344 1621 417 1657 fuit
459 1620 659 1658 hominem
703 1623 739 1657 in
781 1627 887 1658 terra
929 1623 1024 1658 mori
1067 1624 1138 1658 nisi
1179 1624 1326 1671 periret
1367 1629 1406 1659 et

226 1691 459 1740 insepultus.
517 1697 558 1726 at
602 1704 670 1726 nos
712 1693 840 1739 priorc
885 1690 980 1727 libro
1022 1691 1166 1728 imbres
1209 1697 1249 1728 et
1291 1691 1408 1728 flatus

476 1780 486 1799 ¹
512 1780 568 1810 vix
586 1779 660 1810 add.
678 1779 743 1810 lan.
762 1786 879 1820 (quom
898 1780 954 1810 vix
973 1779 1160 1820 Helles-mn).

476 1823 488 1842 ²
510 1823 575 1854 alia
592 1823 667 1853 add.
685 1823 821 1854 Brorier.

473 1866 486 1885 ⁸
509 1877 527 1896 e
543 1866 618 1896 add.
631 1868 645 1896 ⁴?
665 1866 826 1906 Blaylmff.

474 1910 486 1927 ⁴
515 1908 667 1940 Urlichs:
693 1919 743 1940 ac.

477 1952 490 1970 ⁶
514 1952 651 1993 pervehi
670 1962 762 1983 mare
781 1951 943 1992 Maykoff.

554 2091 570 2106 ⁸
593 2086 774 2118 Daedalus.
820 2086 881 2118 See
899 2086 976 2118 vn.
995 2087 1068 2119 206.

227 2143 294 2173 422
