1486 2359
160 466 201 495 95

163 1159 205 1190 96

431 145 619 184 PLINY:
672 145 935 184 NATURAL
972 145 1207 184 HISTORY

229 252 469 300 imperitiam
497 263 624 293 suam,
650 255 759 286 totas
788 248 985 286 excidere.
1040 247 1135 285 nihil
1164 253 1226 285 est
1252 247 1407 286 foedius

228 319 406 369 agricolis
433 332 554 369 quam
577 324 718 369 gestae
744 321 800 355 rei
823 320 1088 368 poenitentia,
1111 316 1238 354 multo
1260 319 1340 354 iam
1363 322 1408 354 ut

228 395 407 439 praestet
427 388 597 426 laxitate
619 388 864 439 delinquere.

280 458 366 495 XX.
395 458 606 504 Quaedam
628 464 765 495 autem
787 464 931 495 natura
952 457 1068 494 tarde
1089 463 1287 501 crescunt,
1307 462 1350 495 et
1369 459 1409 494 in

228 530 361 578 primis
407 531 558 565 semine
602 533 761 564 tantum
813 529 1018 564 nascentia
1064 532 1106 563 et
1150 526 1268 576 longo
1312 539 1410 564 aevo

229 597 426 634 durantia.
481 603 523 634 at
540 610 646 647 quae
661 599 741 634 cito
757 596 943 633 occidunt
961 595 1111 633 velocia
1127 601 1235 640 sunt,
1251 600 1298 633 ut
1315 595 1410 633 ficus

229 669 386 716 punica,
405 679 569 716 prunus,
587 665 729 710 malus,
748 668 869 716 pirus),
889 671 1057 716 myrtuS‚
1077 664 1192 709 salix,
1211 670 1255 702 et
1272 670 1410 702 tamen

230 736 475 773 antecedunt
498 736 665 773 divitiis:
702 738 742 772 in
763 738 931 772 trimatu
955 737 1060 772 enim
1084 734 1188 772 ferre
1217 736 1411 784 incipiunt

229 805 488 843 ostendentes
524 811 565 842 et
599 811 707 843 ante.
763 818 812 842 ex
846 804 905 841 his
939 804 1160 841 lentissima
1195 810 1256 842 est
1290 806 1412 854 pirus,

230 877 409 912 ocissima
441 878 617 912 omnium
649 877 806 925 cypirus
839 880 881 912 et
911 874 1224 925 pseudocypirus
1255 873 1412 918 frutex;

230 948 408 995 protinus
433 948 539 983 enim
563 945 678 982 floret
700 957 919 995 semenque
942 943 1109 994 perfert.
1163 946 1297 980 omnia
1319 956 1413 981 vero

230 1014 395 1052 celerius
432 1014 664 1052 adolescunt
700 1014 919 1051 stolonibus
955 1013 1099 1050 ablatis
1135 1025 1337 1064 unamque
1371 1015 1412 1050 in

230 1087 395 1134 stirpem
416 1084 587 1121 redactis
608 1083 819 1122 alimentis.

280 1153 390 1191 XXI.
420 1153 573 1191 Eadem
605 1160 750 1191 natura
781 1159 823 1191 et
853 1156 1093 1204 propagines
1123 1152 1272 1191 docuit.
1325 1153 1413 1192 rubi

230 1237 403 1273 namque
421 1226 573 1261 curvati
591 1223 817 1274 gracilitate
837 1229 879 1260 et
898 1223 1013 1260 simul
1031 1225 1274 1272 proceritate
1291 1225 1412 1260 nimia

230 1293 409 1344 defigunt
430 1306 559 1330 rursus
577 1295 616 1330 in
634 1299 783 1330 terram
800 1295 934 1342 capita
951 1295 1178 1343 iterumque
1196 1298 1413 1330 nascuntur

231 1376 281 1400 ex
310 1376 396 1400 sese
426 1362 615 1413 repleturi
645 1365 777 1400 omnia
807 1365 846 1399 ni
875 1365 1035 1400 resistat
1060 1362 1230 1406 cultura,
1255 1375 1412 1412 prorsus

232 1439 275 1469 ut
306 1436 457 1482 possint
488 1432 610 1470 videri
642 1431 821 1470 homines
851 1438 985 1469 terrae
1015 1445 1136 1469 causa
1161 1434 1301 1483 geniti.
1354 1435 1413 1470 ita

230 1505 401 1552 pessima
441 1509 564 1553 atque
605 1502 831 1539 execranda
870 1515 932 1539 res
973 1505 1235 1553 propaginem
1273 1507 1412 1540 tamen

230 1571 365 1610 docuit
408 1586 453 1610 ac
496 1572 761 1609 viviradicem.
817 1572 960 1609 eadem
1003 1578 1139 1609 autem
1183 1577 1329 1610 natura
1370 1577 1413 1610 et

230 1640 399 1679 hederis.
454 1641 556 1679 Cato
576 1644 786 1692 propagari
808 1647 971 1691 practer
992 1644 1113 1678 vitem
1134 1641 1260 1679 tradit
1281 1641 1412 1686 ficum,

230 1711 374 1755 oleam,
414 1714 613 1761 punicam,
653 1711 846 1748 malorum
889 1724 1039 1761 genera
1081 1713 1227 1755 omnia,
1265 1710 1412 1756 laurus,

231 1794 370 1831 pruna,
411 1787 600 1832 myrtum,
639 1793 758 1818 nuces
794 1779 998 1818 abellanas
1038 1786 1080 1817 et
1118 1778 1413 1826 Praenestinas,

230 1850 449 1900 platanum.

267 1964 289 2006 *¹¹
312 1959 461 2000 Cypirue
483 1959 510 1990 is
534 1957 714 2000 gahngale,
736 1957 818 1989 with
842 1957 877 1989 of
900 1967 1017 1989 course
1036 1967 1080 1988 no
1104 1957 1305 1990 connection
1328 1957 1410 1990 with

232 2012 342 2043 pirus,
359 2012 451 2044 pear-

228 2063 275 2100 66
