1486 2359
92 966 157 997 209

91 1545 156 1576 210

385 134 575 172 PLINY:
628 134 892 172 NATURAL
928 133 1166 172 HISTORY

183 254 228 276 ac
253 252 324 289 per
346 239 520 287 singulos
546 251 669 274 annos
694 237 745 274 ad
768 240 972 287 superiora
995 237 1205 282 scandant,
1228 237 1366 276 relicto

183 325 342 361 semper
365 311 603 347 duramento
629 313 666 346 in
693 309 854 359 singulis
879 309 1073 346 tabulatis
1098 315 1140 346 et
1165 313 1366 348 emissario

184 398 262 420 uno
302 386 367 433 qui
409 383 553 419 subeat
595 396 718 432 usque
761 395 838 432 quo
878 381 1087 431 placuerit.
1141 381 1192 419 de
1231 388 1367 421 cetero

184 459 392 505 putatione
433 457 565 491 onmia
583 455 597 478 1
639 454 798 504 flagella
839 467 942 504 quae
983 456 1162 503 proxime
1201 454 1368 493 tulerint

185 528 425 569 recidantur,
452 540 551 563 nova
577 529 814 563 circumcisis
842 526 1017 576 undique
1042 526 1235 576 capreolis
1261 541 1369 578 spar-

183 606 330 650 gantur
357 602 396 635 in
422 599 627 636 tabulatis.
684 598 893 635 vernacula
922 601 1080 647 putatio
1106 598 1271 636 deiectis
1297 613 1370 649 per

185 686 313 708 ramos
330 674 469 707 vitium
486 672 658 708 crinibus
675 673 946 707 circumvestit
963 671 1145 708 arborem
1161 674 1368 722 crinesque

184 747 287 793 ipsos
318 746 414 786 uvis,
446 743 600 779 Gallica
632 746 670 779 in
700 743 886 780 traduces
916 745 1143 794 porrigitur,
1174 743 1369 782 Aemiliae

184 819 270 853 vinc
304 819 342 852 in
376 816 516 853 ridicas
551 816 780 852 Atiniarum
813 816 982 859 ambitu,
1015 815 1198 853 frondem
1231 829 1369 854 earum

182 888 352 939 fugiens.

238 962 307 998 lis-t
335 961 585 1011 quorundam
613 963 798 1010 inperitia
827 961 899 998 sub
926 974 1037 998 ramo
1064 963 1187 999 vitem
1215 962 1370 1000 vinculo

184 1033 467 1083 suspendendi.
513 1032 732 1070 suffocante
779 1036 943 1070 iniuria:
1003 1036 1198 1071 contineri
1243 1034 1368 1072 debet

185 1109 343 1149 vimine,
371 1120 448 1142 non
475 1109 596 1143 artari
624 1107 735 1156 (quin
762 1109 883 1143 immo
910 1109 1034 1143 etiarn
1062 1107 1203 1156 quibus
1230 1107 1370 1144 salices

184 1186 395 1229 supersunt
420 1179 596 1216 molliore
620 1178 692 1216 hoc
717 1179 872 1216 xinculo
894 1178 1028 1217 facere
1052 1179 1205 1216 malunt
1230 1178 1370 1217 herba-

185 1266 262 1302 que
283 1251 400 1288 Siculi
421 1265 542 1301 quam
563 1258 706 1289 vocant
727 1251 1067 1301 ampelodesmon,
1088 1252 1258 1290 Graecia
1277 1266 1370 1290 vero

185 1327 366 1361 univorsa
384 1327 512 1368 iunco,
524 1337 685 1374 cypero,
698 1324 818 1374 ulva),
832 1323 1002 1361 liberata
1015 1337 1174 1375 quoque
1187 1324 1342 1361 vinculo
1354 1324 1371 1348 ²

185 1409 256 1446 per
280 1396 431 1446 aliquot
457 1396 540 1433 dies
567 1399 702 1446 vagari
728 1402 770 1433 et
795 1396 998 1433 incondita
1023 1399 1156 1447 spargi
1181 1402 1304 1447 atque
1330 1399 1369 1434 in

185 1475 291 1505 terra
311 1482 431 1518 quam
449 1482 520 1518 per
537 1475 669 1505 totum
688 1482 836 1506 annum
854 1471 1097 1518 spectaverit
1114 1469 1369 1512 recumbere;

183 1554 355 1590 namque
378 1547 421 1577 ut
444 1543 624 1577 veterina
645 1554 666 1577 a
689 1543 782 1591 iugo
803 1547 845 1578 et
865 1543 974 1578 canis
995 1554 1017 1577 a
1038 1554 1153 1578 cursu
1175 1541 1369 1578 volutatio

185 1615 308 1656 iuvat,
323 1615 380 1649 ita
395 1619 481 1650 turn
499 1619 539 1650 et
556 1616 695 1650 vitium
710 1615 857 1664 porrigi
873 1612 1026 1650 lumbos
1041 1625 1050 1657 ;
1078 1613 1195 1650 arbor
1209 1627 1367 1664 quoque

185 1687 269 1734 ipsa
294 1685 446 1735 gaudet
473 1685 638 1722 adsiduo
665 1685 797 1722 levata
823 1698 958 1729 onere,
983 1685 1118 1723 similis
1144 1688 1368 1735 respiranti,

185 1756 360 1807 nihilque
399 1763 460 1795 est
494 1760 532 1794 in
566 1771 685 1808 opere
722 1757 899 1795 Naturae
934 1758 1040 1808 quod
1073 1771 1151 1795 non
1185 1757 1368 1808 exemplo

185 1829 338 1867 dierum
355 1833 612 1880 noctiumque
629 1829 780 1880 aliquas
797 1833 900 1868 xices
916 1829 1105 1868 feriarum
1120 1829 1227 1868 velit.
1262 1829 1313 1868 ob
1327 1829 1368 1868 id

499 1943 511 1963 ¹
535 1942 694 1984 Mayhoff
712 1953 729 1974 e
746 1942 871 1975 Colum.
889 1955 895 1973 :
922 1944 1024 1975 omni.

496 1986 509 2005 ²
533 1985 669 2020 vinculo
685 1985 801 2027 (volt)
815 1989 828 2018 2
847 1986 1009 2027 Mayhoff.

185 2066 253 2100 ¹44
