1486 2359
396 177 585 215 PLINY:
637 176 901 215 NATURAL
938 177 1172 215 HISTORY

125 285 165 316 57
245 280 377 316 Fabae
402 282 442 316 in
466 279 561 316 folia
585 285 736 316 exeunt
761 292 806 316 ac
831 279 976 317 deinde
1000 279 1155 317 caulem
1181 282 1373 318 emittunt

193 339 306 375 nullis
320 339 551 375 distinctum
564 338 809 375 internodiis.
864 338 1016 389 reliqua
1028 338 1229 389 legumina
1241 352 1373 376 surcu-

193 398 274 434 losa
290 403 393 435 sunt.
453 410 502 434 ex
518 397 577 433 his
592 410 745 433 ramosa
758 399 874 440 cicer,
887 410 1038 441 ervum,
1052 397 1149 435 lens.
1203 411 1373 448 quorun-

192 456 285 493 dam
319 455 452 493 caules
486 462 729 506 sparguntur
762 458 800 492 in
834 461 984 493 terram
1018 459 1049 493 si
1083 469 1162 493 non
1195 455 1372 494 habeant

193 514 488 558 adminiculum,
519 521 561 551 at
605 518 690 564 pisa
734 514 932 552 scandunt
976 517 1007 552 si
1052 514 1243 559 habuere,
1271 515 1372 552 aut¹

192 575 391 611 deteriora
439 573 551 610 fiunt.
615 573 860 624 leguminum
910 573 1099 610 unicaulis
1137 573 1231 611 faba
1277 573 1374 617 sola,

193 647 292 669 unus
322 639 363 669 et
392 632 540 681 lupino,
562 632 634 670 sed
662 633 766 680 <non
795 632 983 682 rectus,>2
1009 635 1153 670 ceteris
1182 633 1372 670 ramosis³

125 698 166 728 58
192 694 402 741 praetenui
443 691 612 735 surculo,
649 692 831 728 omnibus
870 704 962 728 vero
1001 691 1197 729 fistulosis.
1236 690 1372 728 folium

193 751 391 801 quaedam
413 751 462 787 ab
489 751 620 787 radice
642 750 866 794 emittunt‚⁴
893 750 1093 800 quaedam
1113 764 1136 787 a
1154 753 1374 795 cacumine,

192 816 237 846 ut
252 810 267 833 ⁵
282 809 527 846 frumentum
543 816 584 846 et
599 809 804 846 hordeum.
853 815 1067 860 utrumque
1082 809 1098 832 ⁶
1119 815 1161 846 et
1182 809 1373 860 quidquid

192 872 232 905 in
257 868 403 918 stipula
430 875 489 905 est
516 871 556 904 in
581 871 786 905 cacumine
817 881 939 904 unum
965 868 1102 905 folium
1128 867 1373 906 habet—sed

192 927 340 964 hordeo
366 927 505 964 scabra
531 933 638 970 sunt,
654 930 797 964 ceteris
824 926 1190 964 levia—multifolia
1205 927 1220 950 ⁷
1236 933 1374 965 contra

192 986 299 1029 faba,
336 989 451 1030 cicer,
489 989 629 1036 pisum.
695 985 903 1023 frumentis
951 985 1088 1023 folium
1134 985 1374 1024 harundina-

191 1059 321 1088 ceum,
351 1045 469 1082 fabae
500 1045 673 1082 rotunda
704 1051 746 1082 et
777 1058 949 1096 magnae
979 1044 1225 1095 leguminum
1255 1047 1374 1095 parti,

191 1104 368 1155 longiora
388 1103 547 1141 erviliae
568 1110 609 1141 et
628 1106 726 1153 piso,
746 1103 934 1154 phasiolis
955 1117 1115 1148 venosa,
1134 1117 1313 1142 sesamae
1333 1110 1374 1141 et

126 1172 166 1200 52·
193 1166 304 1200 irioni
344 1166 578 1213 sanguinea.
631 1163 781 1200 cadunt
823 1162 915 1200 folia
957 1163 1092 1213 lupino
1130 1169 1291 1200 tantum
1333 1168 1374 1200 et

193 1225 394 1272 papaveri.
449 1222 650 1272 legumina
672 1222 820 1259 diutius
843 1221 1000 1266 florent,
1022 1228 1064 1259 et
1087 1235 1136 1259 ex
1157 1221 1216 1259 his
1239 1235 1372 1259 ervum

193 1295 238 1318 ac
265 1284 381 1325 cicer,
407 1281 478 1318 sed
505 1281 725 1318 diutissime
754 1280 848 1317 faba
876 1293 923 1318 xL
949 1281 1104 1325 diebus,
1132 1295 1210 1318 non
1238 1286 1373 1318 autem

193 1340 335 1390 singuli
366 1343 473 1390 scapi
505 1340 674 1384 tamdiu,
706 1343 895 1390 quoniam
927 1339 1004 1377 alio
1035 1340 1245 1378 desinente
1277 1339 1374 1376 alius

194 1402 344 1448 incipit,
376 1412 449 1436 nec
480 1405 568 1436 tota
600 1412 714 1447 seges
746 1402 847 1436 sicut
879 1398 1070 1436 frumenti
1101 1401 1266 1449 pariter,
1297 1398 1374 1435 sili-

194 1464 368 1508 quantur
385 1471 477 1494 vero
494 1460 626 1494 omnia
643 1458 805 1494 diversis
823 1458 963 1495 diebus
981 1464 1024 1495 et
1041 1458 1091 1494 ab
1109 1460 1187 1494 ima
1206 1460 1373 1507 primum

194 1523 308 1566 parte
322 1517 515 1566 paulatim
530 1517 624 1553 flore
639 1517 849 1553 subeunte.

126 1582 167 1612 60
245 1575 461 1612 Frumenta
479 1589 568 1612 cum
586 1575 821 1619 defloruere,
838 1582 1086 1612 crassescunt
1105 1581 1374 1613 maturantur-

194 1648 272 1685 que
299 1648 389 1671 cum
415 1634 628 1685 plurimum
652 1634 792 1671 diebus
812 1646 870 1678 xL,
888 1636 987 1671 item
1006 1633 1114 1678 faba,
1132 1637 1374 1684 paucissimis

230 1716 241 1734 ¹
266 1719 300 1746 at
329 1740 336 1746 .
363 1739 371 1746 .
397 1739 404 1746 .
430 1718 492 1746 aut
509 1714 682 1755 Moyhoff:
714 1718 754 1746 ut
771 1714 972 1756 piscandum
991 1716 1053 1746 nisi
1073 1714 1221 1747 habuere
1239 1719 1301 1747 aut
1317 1719 1373 1747 aut

186 1758 276 1788 alia:
316 1762 355 1788 ut
381 1759 455 1799 pisa
481 1757 651 1788 scandunt
677 1761 738 1788 aut
764 1758 826 1789 nisi
853 1757 1002 1789 habuere
1033 1758 1183 1789 Urlichs:
1211 1763 1249 1789 ut
1275 1759 1369 1800 piea3

187 1801 357 1831 scandunt
377 1802 402 1831 si
423 1799 571 1831 habuere
589 1804 651 1831 aut
674 1800 908 1840 Warminqeon.

230 1844 242 1862 ²
267 1843 352 1874 Add.
372 1843 535 1883 Moyhoss.
847 1843 861 1861 ³
886 1843 1059 1884 Mayhcff:
1086 1854 1249 1876 ramosus.

230 1888 241 1905 ⁴
268 1886 440 1926 Mayhoff:
466 1888 624 1917 mittunt.
853 1887 866 1905 ⁶
890 1891 929 1917 ut
945 1886 1020 1917 add.
1040 1886 1202 1927 Maylwff.

230 1932 242 1946 “¹
267 1929 397 1960 cidem:
424 1930 596 1969 utrimque
612 1928 682 1960 cdd.
699 1929 779 1969 pler.
851 1929 863 1947 ⁷
888 1929 1071 1970 Dfllesnen:
1098 1930 1285 1962 multifida.

389 2041 403 2055 ⁰
427 2037 454 2068 A
475 2041 556 2078 type
574 2037 613 2068 os
626 2036 803 2078 chick-pea
821 2047 859 2067 or
876 2036 1045 2078 chickling
1063 2038 1174 2068 veteh.
