1486 2359
137 611 177 642 92

138 1192 179 1222 93

139 1643 180 1673 94

406 178 597 217 PLINY:
640 176 904 216 NATURAL
939 176 1178 216 HISTORY

202 284 473 321 saluberrima.
514 283 690 333 pluribus
703 283 829 320 modis
843 286 1081 320 austeritate
1096 285 1202 320 victa
1213 286 1384 335 gratiam

204 351 374 385 invenit:
432 361 605 398 namque
648 353 690 385 et
732 350 772 384 in
814 347 1003 397 pollinem
1043 347 1228 386 tunditur
1274 348 1386 386 arida

202 412 431 463 liquidoque
463 412 566 450 dulci
596 417 862 462 temperatur,
894 417 936 449 et
967 411 1134 450 decocta
1165 425 1285 462 posca
1314 419 1385 451 aut

203 477 427 521 adservata,
440 477 503 514 vel
520 483 725 514 macerata
742 476 918 526 pluribus
937 476 1078 521 modis,
1090 483 1133 514 et
1146 482 1243 515 tunc
1260 478 1388 516 mixta

203 541 364 579 defruto
382 548 452 579 aut
472 542 640 578 subacta
658 540 777 578 melle
797 543 931 578 uvisve
949 543 1073 590 passis
1087 547 1157 580 aut
1173 542 1387 593 pinguibus

203 609 387 656 caryotis.
443 605 519 643 alio
542 619 674 643 rursus
698 605 817 642 modo
839 608 1017 643 cotoneis
1040 605 1154 643 malis
1178 606 1241 644 vel
1262 606 1388 644 sorbis

204 677 274 707 aut
316 673 464 720 prunis,
506 670 720 721 aliquando
760 673 897 720 pipere
940 676 1010 707 aut
1051 669 1192 721 thymo
1233 674 1388 709 variata

204 734 386 772 defectus
440 737 652 785 praecipue
707 733 902 772 stomachi
957 737 1123 779 excitat,
1177 734 1389 774 inlustrata

205 802 378 836 maxime
425 799 550 836 Iuliae
595 801 806 850 Augustae
850 799 1054 836 cotidiano
1097 799 1197 837 cibo.
1252 814 1388 850 super-

206 878 374 900 vacuum
395 866 480 901 eius
501 877 653 908 semen,
674 866 862 914 quoniam
882 863 1003 901 oculis
1026 876 1075 901 ex
1095 864 1228 901 radice
1249 867 1389 902 excisis

206 934 249 965 ut
265 927 445 965 harundo
459 931 616 973 seritur,
632 934 674 966 et
689 927 789 965 haec
804 934 941 965 autem
957 934 999 965 et
1013 931 1111 965 siser
1125 934 1168 965 et
1181 931 1389 978 pastinaca

206 998 376 1043 utroque
395 999 592 1043 tempore,
613 1006 705 1030 vere
727 999 769 1030 et
790 998 997 1037 autumno,
1017 995 1171 1043 magnis
1191 995 1388 1032 seminum

207 1057 437 1101 intervallis,
469 1057 576 1094 inula
604 1071 654 1094 ne
684 1060 812 1094 minus
843 1070 965 1107 quam
992 1062 1198 1094 ternorum
1226 1057 1390 1108 pedum,

207 1125 393 1172 quoniam
412 1125 586 1171 spatiose
604 1121 782 1159 fruticat.
836 1124 933 1159 siser
949 1121 1166 1159 transferre
1184 1122 1336 1160 melius.

256 1186 383 1222 XXX.
417 1186 601 1223 Proxima
634 1186 724 1223 hinc
763 1192 824 1223 est
862 1186 1072 1223 bulborum
1106 1192 1263 1231 natura,
1292 1200 1390 1238 quos

207 1250 308 1287 Cato
322 1253 360 1287 in
373 1253 509 1300 primis
524 1251 711 1288 serendos
724 1253 919 1300 praecipit
932 1250 1138 1288 celebrans
1152 1251 1388 1302 Megaricos.

209 1328 343 1352 verum
374 1315 618 1352 nobilissima
648 1321 709 1352 est
731 1315 854 1359 scilla,
875 1328 1117 1365 quamquam
1139 1316 1389 1354 medicamini

209 1385 303 1416 nata
326 1379 639 1430 exacuendoque
660 1385 798 1423 aceto;
830 1393 902 1417 nec
925 1379 991 1416 ulli
1011 1379 1232 1430 amplitudo
1252 1383 1391 1426 maior,

207 1447 322 1481 sicuti
345 1458 416 1481 nce
437 1447 492 1481 vis
516 1447 702 1494 asperior.
757 1444 836 1481 duo
855 1457 1006 1495 genera
1025 1444 1219 1489 medicae,
1238 1458 1390 1483 maseu-

209 1508 289 1545 lum
304 1509 315 1531 1
332 1508 430 1545 albis
448 1508 563 1551 foliis,
579 1509 798 1546 femineum
814 1509 830 1532 2
846 1511 996 1559 nigris;
1023 1514 1065 1546 et
1082 1512 1248 1546 tertium
1263 1523 1390 1561 genus

209 1578 269 1609 est
289 1574 385 1610 cibis
409 1579 585 1623 gratum,
606 1573 845 1623 Epimenidu
871 1579 1049 1617 vocatur,
1069 1576 1275 1624 angustius
1297 1573 1390 1612 folio

209 1650 253 1673 ac
268 1640 395 1674 minus
409 1650 560 1688 aspero.
600 1640 760 1674 seminis
773 1637 985 1688 plurimum
999 1638 1203 1682 omnibus;
1224 1638 1389 1677 celerius

207 1707 344 1739 tamen
358 1705 595 1752 proveniunt
609 1708 723 1739 satae
737 1702 865 1739 bulbis
879 1705 981 1740 circa
993 1701 1121 1739 latera
1135 1705 1240 1740 natis
1253 1715 1263 1748 ;
1290 1709 1332 1741 et
1346 1710 1390 1742 ut

254 1812 265 1832 ¹
290 1813 460 1844 masculae
479 1813 636 1853 Mayhoff
648 1812 810 1851 (masculo
826 1812 874 1844 cd.
892 1812 973 1844 Par.
989 1811 1061 1844 Lat.
1081 1814 1212 1851 10318).

251 1856 264 1874 ²
286 1856 452 1886 Rackhum
468 1869 474 1887 :
499 1855 623 1887 femine
637 1855 698 1895 (cd.
711 1855 792 1887 Par.
804 1855 876 1887 Lat.
891 1857 1008 1894 10:318)
1020 1860 1078 1888 aut
1090 1855 1216 1888 femina
1230 1856 1389 1897 (feminae

208 1898 384 1940 flltmhoff).

397 2054 411 2068 ⁸
436 2049 597 2081 Esculent
615 2049 714 2081 bnlbs
729 2049 769 2081 of
779 2050 838 2081 the
855 2050 957 2081 onion
973 2049 1059 2082 class
1075 2059 1131 2081 are
1148 2053 1274 2083 meant.

207 2113 278 2156 480
