1486 2359
115 261 172 293 101

114 648 174 679 102

115 1034 175 1066 103

119 1486 178 1517 104

411 155 599 192 PLlNY:
642 154 905 192 NATURAL
940 155 1176 192 HISTORY

255 258 425 294 XXXII.
457 258 591 295 Alium
606 271 807 309 cepasque
826 260 932 295 inter
951 258 1046 296 deos
1069 261 1109 295 in
1129 259 1383 297 iureiurando

202 321 325 359 habet
343 323 566 373 Aegyptus.
621 335 746 372 cepae
761 335 910 373 genera
927 322 1034 372 apud
1049 322 1224 360 Graecos
1244 323 1384 366 Sarda,

201 385 488 431 Samothracia,
509 387 713 431 Alsidena‚
733 389 903 430 setania,
923 386 1084 431 schista,
1101 387 1311 424 Ascalonia
1332 387 1382 424 ab

201 451 346 501 oppido
382 451 557 489 Iudaeae
590 454 808 489 nominata.
862 452 1044 489 omnibus
1076 465 1217 502 corpus
1249 457 1380 489 totum

201 518 339 565 pingui
367 518 591 553 tunicarum
619 516 853 566 cartilagine
869 516 897 559 ¹,
925 516 1106 553 omnibus
1135 518 1260 554 etiam
1287 516 1385 554 odor

200 579 427 617 lacrimosus
457 586 498 617 et
524 583 737 630 praecipue
766 579 934 631 Cypriis,
958 582 1120 618 minime
1143 579 1303 618 Cnidiis.
1363 594 1385 618 e

201 647 353 681 cunctis
365 647 521 681 setania
533 647 711 689 minima,
724 650 895 694 excepta
905 644 1143 688 Tusculana,
1155 645 1226 682 sed
1238 645 1362 683 dulcis
1376 657 1385 688 ;

201 707 348 745 schista
379 714 516 746 autem
548 715 590 746 et
623 708 832 746 Ascalonia
863 709 1138 746 condiuntur.²
1197 708 1384 746 schistam

202 771 333 810 hieme
348 787 437 810 cum
452 787 564 810 coma
580 787 650 810 sua
666 773 876 818 relincunt,
891 786 982 811 vere
998 773 1091 810 folia
1105 773 1326 811 detrahunt
1341 780 1384 811 et

202 837 278 874 alia
309 838 601 875 subnascuntur
630 838 757 875 isdem
787 838 983 881 divisuris,
1015 837 1120 875 unde
1151 843 1194 875 et
1224 851 1382 876 nomen.

202 900 276 939 hoc
290 901 473 951 exemplo
487 902 646 953 reliquis
659 915 818 953 quoque
831 902 1043 953 generibus
1056 901 1216 939 detrahi
1229 903 1385 947 iubent,

203 972 247 1002 ut
282 968 322 1002 in
355 969 490 1016 capita
523 972 704 1004 crescant
739 969 870 1016 potius
907 979 1027 1017 quam
1063 969 1102 1003 in
1136 979 1287 1004 semen.
1341 973 1384 1004 et

203 1030 502 1067 Ascaloniarum
527 1034 686 1081 propria
711 1037 877 1068 natura:
918 1033 1069 1068 etenim
1095 1030 1204 1068 velut
1229 1030 1384 1068 steriles

202 1101 294 1132 sunt
316 1095 366 1132 ab
387 1095 533 1139 radice,
554 1101 595 1133 et
617 1096 667 1132 ob
689 1095 728 1133 id
748 1097 900 1133 semine
920 1097 996 1132 seri
1017 1094 1118 1139 illas,
1140 1109 1218 1133 non
1238 1095 1382 1146 deponi

203 1161 350 1196 iussere
378 1159 535 1204 Graeci,
559 1166 771 1209 praeterea
797 1162 934 1203 serius,
959 1162 1062 1197 circa
1089 1173 1169 1204 ver,
1194 1160 1268 1197 at³
1291 1173 1382 1198 cum

202 1226 443 1274 germinent,
475 1224 702 1267 transferri;
735 1226 792 1261 ita
825 1237 1065 1261 crassescere
1093 1230 1137 1261 et
1171 1237 1385 1274 properare

202 1301 293 1325 cum
306 1288 320 1311 ⁴¹
341 1291 547 1337 praeteriti
566 1290 757 1338 temporis
777 1291 1058 1338 pensitatione.
1113 1287 1384 1326 festinandum

203 1358 339 1389 autem
369 1355 407 1389 in
439 1355 482 1389 iis
512 1358 587 1397 est,
615 1355 802 1403 quoniam
831 1358 1014 1390 maturae
1040 1352 1224 1390 celeriter
1250 1358 1386 1403 putre-

204 1423 331 1454 scunt.
386 1419 417 1454 si
445 1417 711 1467 deponantur,
732 1417 887 1455 caulem
917 1417 1136 1454 emittunt⁵
1163 1423 1205 1455 et
1233 1430 1384 1462 semen,

206 1483 396 1532 ipsaeque
435 1488 690 1519 evanescunt.
746 1488 807 1519 est
847 1488 888 1519 et
926 1481 1101 1519 colorum
1139 1480 1386 1520 differentia:

205 1548 244 1582 in
274 1546 356 1584 Isso
385 1549 491 1584 enim
519 1552 561 1584 et
589 1546 777 1584 Sardibus
803 1546 1108 1584 candidissimae
1134 1549 1385 1596 proveniunt.

204 1617 296 1647 sunt
325 1613 364 1647 in
393 1609 541 1648 honore
570 1617 612 1648 et
640 1610 838 1653 Creticae,
866 1611 917 1648 de
947 1611 1091 1661 quibus
1119 1610 1308 1648 dubitant
1335 1623 1385 1648 an

205 1674 371 1712 eaedem
399 1677 478 1712 sint
506 1688 609 1725 quae
638 1674 887 1719 Ascaloniae,
915 1677 1102 1725 quoniam
1130 1677 1226 1712 satis
1253 1677 1386 1725 capita

257 1777 265 1795 ¹
293 1776 450 1808 omnibus
469 1801 476 1808 .
496 1801 503 1808 .
523 1801 530 1808 .
548 1776 746 1818 cartilagine
764 1776 841 1808 hic?
862 1776 1036 1817 Mayhoff:
1063 1781 1134 1817 post
1151 1776 1278 1809 Cnidiis
1295 1777 1385 1809 codd.

258 1820 270 1838 ²
299 1819 358 1851 121.
377 1820 572 1851 conduntur
588 1820 642 1861 (cs.
665 1821 748 1857 105).

255 1863 268 1881 ⁸
293 1863 467 1904 Mayhoffz
493 1874 513 1894 a
530 1862 576 1895 vel
591 1867 663 1894 aut.

257 1906 269 1924 ⁴
294 1906 468 1947 Mayhojs:
495 1917 571 1938 cum
589 1916 778 1948 properam.

258 1949 270 1967 ⁶
295 1950 494 1981 Caesarius:
520 1951 677 1981 mittunt.

588 2061 600 2075 ⁰
627 2055 776 2097 Perhaps
794 2057 852 2087 the
869 2056 1004 2088 shallot.

203 2103 274 2145 486
