1486 2359
395 149 586 185 PLIN'Y:
639 148 901 185 NATURAL
938 147 1174 185 HISTORY

191 255 349 289 circium
389 264 520 288 serere
564 252 762 299 imperitia
809 252 1073 294 existimatur,
1112 249 1372 300 eundemque

191 322 360 359 oblicum
393 323 572 370 accipere.
606 319 878 369 providentia;
923 322 954 356 is
987 333 1160 370 namque
1194 325 1373 357 aestates

193 395 244 431 ibi
288 399 503 443 temperat,
545 393 615 429 sed
659 398 773 429 tanta
817 391 1052 442 plerumque
1096 392 1284 430 violentia
1327 398 1372 430 ut

193 466 350 504 auferat
371 472 493 503 tecta.
548 465 710 515 quidam
731 465 887 502 caelum
907 470 1040 502 terrae
1061 478 1202 514 parere
1222 470 1372 515 cogunt

193 546 235 577 ut
280 552 382 589 quae
427 541 465 575 in
510 541 620 575 siccis
663 543 846 575 serantur
883 540 1079 574 orientem
1123 550 1168 574 ac
1211 543 1373 587 septen-

193 615 340 649 triones
381 617 582 661 spectent,
620 623 723 660 quae
761 613 801 647 in
842 610 984 647 umidis
1025 610 1245 647 meridiem.
1301 598 1374 648 nec

194 699 270 722 non
300 698 349 721 ex
378 687 470 733 ipsi<
500 684 644 720 vitibus
662 683 676 706 ¹
705 696 843 720 causas
877 688 1125 727 mutuantur,
1154 685 1194 719 in
1223 682 1374 733 frigidis

195 770 407 808 praecoces
431 756 616 801 serendo,
641 762 684 792 ut
709 758 918 793 maturitas
944 755 1161 793 antecedat
1185 755 1376 806 algorem,

195 844 296 881 quae
322 842 439 879 poma
464 832 645 879 vitesque
670 842 799 866 rorem
823 828 995 873 oderint,
1018 834 1157 865 contra
1180 834 1303 873 ortus,
1327 834 1372 865 ut

194 906 330 940 statim
351 901 507 938 auferat
527 901 598 946 sol,
618 914 721 951 quae
748 907 899 946 ament,
919 901 969 938 ad
989 914 1150 938 occasus
1171 901 1233 938 vel
1252 903 1374 938 etiam

196 976 245 1012 ad
286 977 596 1025 septentriones,
637 980 681 1010 ut
722 973 870 1011 diutius
912 987 960 1010 eo
1001 973 1193 1010 fruantur.
1248 976 1374 1011 ceteri

195 1049 278 1085 fere
305 1050 500 1084 rationem
527 1053 695 1083 naturae
722 1049 849 1084 secuti
874 1049 915 1083 in
939 1046 1168 1096 aquilonem
1193 1046 1378 1084 obversas

197 1124 298 1158 vites
332 1127 374 1157 et
408 1119 568 1156 arbores
601 1122 693 1169 poni
727 1132 910 1156 suasere:
957 1119 1223 1156 odoratiorem
1256 1121 1377 1156 etiam

200 1194 282 1230 fieri
318 1192 442 1230 talem
477 1192 651 1229 fructum
688 1192 942 1229 Democritus
975 1197 1105 1241 putat.
1173 1191 1379 1242 Aquilonis

196 1269 316 1303 situm
370 1271 662 1314 ventorumque
706 1264 946 1314 reliquorum
990 1264 1160 1302 diximus
1203 1264 1379 1302 seeundo

196 1339 411 1383 volumine,
465 1337 724 1387 dicemusque
778 1339 957 1387 proximo
1010 1337 1123 1386 plura
1175 1337 1378 1375 caelestia.

197 1414 354 1449 interim
375 1410 633 1447 manifestum
654 1410 812 1447 videtur
830 1409 1074 1447 salubritatis
1093 1416 1376 1460 argumentum

197 1487 382 1535 qnoniam
422 1486 460 1519 in
501 1483 708 1520 meridiem
749 1485 870 1519 etiam
910 1485 1180 1532 spectantium
1219 1496 1379 1533 semper

197 1564 291 1594 ante
320 1556 508 1593 decidant
539 1555 644 1592 folia.
699 1555 833 1592 similis
862 1561 904 1592 et
931 1557 970 1591 in
1000 1557 1206 1592 maritimis
1234 1568 1376 1592 causa:

199 1629 434 1680 quibusdam
454 1628 546 1665 locis
564 1627 734 1665 adflatus
751 1630 869 1665 maris
886 1630 1007 1672 noxii,
1023 1630 1062 1664 in
1079 1627 1255 1678 plurimis
1272 1628 1378 1666 idem

197 1703 322 1747 alunt,
352 1701 589 1752 quibusdam
620 1703 716 1737 satis
746 1714 767 1737 e
798 1700 1014 1751 longinquo
1044 1702 1224 1750 aspicere
1254 1703 1379 1738 maria

198 1775 425 1818 iucundum,
460 1776 621 1824 propius
656 1773 858 1810 admoveri
893 1773 983 1810 salis
1018 1772 1189 1810 halitum
1225 1773 1378 1811 inutile.

198 1848 331 1886 similis
369 1854 411 1884 et
449 1846 655 1883 fluminum
693 1852 1008 1896 stagnorumque
1047 1849 1171 1883 ratio:
1224 1846 1378 1883 nebulis

199 1921 371 1959 adurunt
391 1926 459 1957 aut
479 1921 707 1957 aestuantia
726 1918 977 1966 refrigerant.
1033 1921 1237 1968 opacitate
1257 1925 1379 1969 atquc

646 2015 656 2033 ¹
681 2015 761 2045 vitis
778 2013 947 2054 Ilellessen.

203 2073 244 2108 16
