1486 2359
153 278 195 308 50

155 894 192 925 51

153 1141 194 1173 52

426 167 616 204 PLINY:
661 167 924 204 NATURAL
961 166 1196 205 HISTORY

221 284 340 322 opere
360 271 436 308 alio
456 270 653 308 volumine
673 271 863 308 dicemus.
919 271 1088 308 Romani
1108 272 1270 322 quidem
1290 284 1404 323 reges

222 336 292 383 ipsi
317 333 499 376 coluere;
538 335 685 383 quippe
711 335 835 370 etiam
859 332 1061 383 Superbus
1086 336 1271 371 nuntium
1295 333 1405 372 illum

220 408 382 432 saevum
400 401 522 445 atque
539 397 836 446 sanguinarium
852 394 929 431 filio
946 397 1098 432 remisit
1115 408 1165 432 ex
1181 394 1309 433 horto.
1365 398 1405 433 in

222 470 276 493 xii
292 456 437 493 tabulis
453 456 587 507 legum
604 462 829 494 nostrarum
846 470 1042 508 nusquam
1057 459 1287 494 nominatur
1301 457 1407 503 villa,

221 532 379 568 semper
397 521 434 555 in
454 518 743 568 significatione
763 531 811 556 ea
829 517 981 562 hortus,
1000 521 1039 555 in
1058 517 1161 556 horti
1181 532 1273 557 vero
1291 517 1408 557 here-

221 581 353 624 dium;
384 594 505 630 quam
521 580 572 617 ob
590 593 674 617 rem
689 583 883 617 comitata
900 586 961 617 est
979 586 1021 617 et
1039 580 1177 631 religio
1193 581 1408 631 quaedam,

222 641 417 692 hortoque
435 648 476 679 et
492 642 577 679 foro
592 648 754 679 tantum
769 648 908 680 eontra
925 642 1188 679 invidentium
1205 641 1408 680 effascina-

221 706 349 740 tiones
389 704 510 740 dicari
551 703 731 741 videmus
771 706 810 740 in
851 704 1028 741 remedio
1067 707 1242 741 saturica
1281 707 1408 756 signa,

222 779 464 816 quamquam
483 764 617 803 hortos
634 765 790 803 tutelae
809 765 973 803 Veneris
991 765 1230 816 adsignante
1249 765 1405 804 Plauto.

221 830 299 864 iam
329 827 489 878 quidem
518 826 723 865 hortorum
751 830 910 865 nomine
938 830 977 864 in
1006 830 1092 878 ipsa
1120 828 1219 865 urbe
1246 827 1408 866 delicias

223 902 337 940 agros
391 889 581 940 villasque
632 889 849 939 possident.
905 891 1054 940 primus
1106 888 1179 927 hoc
1232 892 1408 928 instituit

225 950 394 988 Athenis
414 951 606 1001 Epicurus
625 954 697 988 otii
717 954 930 1002 magister3
964 964 1089 1002 usque
1108 951 1161 989 ad
1179 964 1271 989 eum
1290 954 1408 990 moris

223 1026 300 1050 non
315 1013 446 1050 fuerat
462 1016 501 1050 in
516 1013 670 1063 oppidis
685 1012 857 1050 habitari
872 1027 976 1050 rura.

274 1074 423 1112 Romae
449 1075 611 1125 quidem
635 1088 708 1125 per
731 1088 773 1112 se
799 1074 937 1112 hortus
961 1088 1059 1125 ager
1082 1078 1269 1125 pauperis
1294 1081 1406 1120 eram

222 1149 271 1174 ex
289 1136 404 1174 horto
422 1137 553 1187 plebei
571 1137 798 1180 macellum,
816 1143 968 1187 quanto
986 1139 1260 1175 innocentiore
1278 1138 1407 1175 victu!

222 1201 347 1250 mergi
363 1201 482 1243 enim,
497 1199 629 1243 credo,
644 1201 683 1235 in
698 1198 895 1248 profunda
910 1201 1034 1235 satius
1050 1204 1112 1236 est
1127 1205 1170 1236 et
1185 1204 1407 1237 ostrearum

222 1274 370 1310 genera
394 1260 603 1312 naufragio
628 1263 796 1311 exquiri,
819 1274 911 1298 aves
936 1261 1041 1297 ultra
1064 1259 1225 1298 Phasim
1248 1274 1408 1299 amnem

222 1325 305 1372 peti
343 1336 392 1360 ne
429 1322 610 1360 fabuloso
646 1322 809 1373 quidem
845 1329 996 1360 terrore
1033 1328 1159 1367 tutas,
1195 1325 1316 1360 immo
1351 1325 1406 1361 sic

222 1387 486 1434 pretiosiores,
536 1384 631 1422 alias
675 1387 715 1421 in
766 1384 952 1422 Numidia
996 1383 1321 1435 Aethiopiaeque
1366 1387 1407 1423 in

223 1446 437 1496 sepulchris
458 1449 660 1496 aucupari,
681 1452 751 1484 aut
772 1459 950 1496 pugnare
971 1460 1060 1484 cum
1082 1446 1174 1484 feris
1192 1447 1408 1497 mandique

221 1511 448 1558 capientem
476 1509 583 1559 quod
610 1508 778 1545 mandat
804 1508 915 1545 alius.
971 1514 1028 1553 at,
1054 1508 1262 1552 Hercules,
1287 1521 1408 1560 quam

224 1570 312 1607 vilia
341 1569 454 1614 haec,
483 1583 603 1620 quam
633 1576 776 1620 parata
807 1570 1002 1620 voluptati
1031 1572 1307 1621 satietatique,
1335 1572 1407 1608 nisi

266 1698 280 1712 ⁰
304 1694 404 1734 Pliny
417 1693 497 1725 does
510 1697 572 1725 not
585 1697 700 1725 return
714 1697 751 1725 to
763 1693 823 1725 the
835 1693 970 1735 subject
983 1694 1016 1726 in
1029 1693 1089 1725 the
1103 1692 1247 1725 Natural
1259 1693 1406 1735 History.

268 1736 281 1756 ⁶
304 1737 366 1769 See
383 1738 398 1777 ξ
416 1737 476 1769 169
495 1736 609 1768 below.

265 1785 277 1798 ⁶
299 1779 371 1811 Not
387 1781 420 1811 in
436 1790 505 1820 any
521 1782 644 1811 extant
661 1779 753 1820 play.

266 1822 281 1842 ⁴
305 1823 346 1854 In
365 1823 464 1854 order
482 1827 520 1853 to
535 1826 592 1861 get
609 1822 730 1864 pearls.

267 1871 278 1885 ·
299 1866 502 1903 Phasianae.
522 1865 717 1907 pheasants,
735 1864 822 1896 from
839 1865 975 1903 Phasis,
994 1866 1053 1897 tho
1070 1865 1170 1897 Rion.

264 1908 279 1932 J
297 1908 368 1940 The
385 1908 552 1940 reference
568 1909 595 1940 is
611 1912 648 1939 to
663 1908 722 1940 the
737 1908 896 1940 sorceries
911 1908 951 1940 of
970 1909 1089 1940 Medea
1105 1908 1172 1941 and
1187 1908 1247 1941 the
1262 1907 1408 1952 exploits

223 1951 261 1983 of
273 1951 380 1983 Jason
398 1951 466 1983 and
483 1951 542 1983 the
560 1951 754 1993 Argonauta
771 1951 805 1983 in
822 1951 963 1983 Colchis.

267 2000 280 2018 ¹
302 1994 561 2026 Guinea-fowls.

269 2037 282 2055 Α
307 2038 415 2070 These
433 2038 524 2070 birds
541 2037 653 2069 would
671 2037 712 2068 bo
728 2037 822 2068 rufis.
869 2036 918 2068 Cf.
938 2037 982 2068 X.
1000 2038 1051 2074 74,
1073 2037 1143 2070 132.

222 2109 290 2145 45²
