1486 2359
110 494 172 525 106

110 1169 170 1201 107

109 1618 168 1650 108

397 160 587 198 PLINY:
639 160 904 198 NATURAL
942 160 1176 199 HISTORY

200 267 305 302 enim
334 264 575 301 robustiores
606 276 692 301 esse
722 263 895 307 debent;
929 270 1141 314 praeterea
1166 270 1210 301 ut
1239 276 1380 314 praeg-

200 346 328 382 nates»,
342 338 416 376 hoc
433 345 493 376 est
507 341 780 390 geminatione
793 345 1004 390 turgentes
1021 345 1062 376 et
1079 341 1146 389 qui
1161 352 1302 389 parere
1314 338 1380 376 illo

198 417 445 464 speraverint
475 427 593 457 anno,
623 414 718 450 bimi
749 417 889 464 utique
919 427 992 451 nec
1021 416 1224 452 tenuiores
1254 414 1380 464 digito

199 492 374 526 minimo.
429 492 657 526 inseruntur
680 495 817 526 autem
842 494 883 526 et
906 491 1049 526 inversi
1072 502 1162 526 cum
1185 489 1225 526 id
1249 491 1381 539 agitur

198 570 244 602 ut
276 567 403 601 minor
435 564 606 601 altitudo
638 567 678 601 in
710 563 966 601 latitudinem
998 577 1041 601 se
1073 563 1230 602 fundat.
1284 570 1379 601 ante

199 642 331 676 omnia
362 645 615 690 gemmantes
646 642 775 676 nitere
806 641 1039 676 conveniet:
1085 638 1181 676 nihil
1212 651 1379 689 usquam

198 714 419 752 ulcerosum
459 720 529 751 aut
568 714 806 751 retorridum
846 717 930 764 spei
969 714 1152 751 favebit.1
1206 713 1380 751 medulla

196 789 338 827 calami
358 792 638 827 commissurae
659 792 699 826 in
724 795 852 827 matre
882 789 978 839 ligni
1002 791 1238 839 corticisque
1267 792 1380 840 iung-

198 870 300 907 atur,
313 864 354 901 id
367 867 472 901 enirn
485 867 609 901 satius
623 877 743 915 quam
759 864 851 901 foris
867 866 1002 901 cortici
1018 866 1193 915 aequari.
1237 863 1379 902 calami

199 942 384 977 exacutio
410 939 628 976 medullam
653 953 703 976 ne
730 939 870 983 nudet,
895 945 1056 977 tantum
1081 939 1222 977 tenui²
1248 938 1380 977 fistula

197 1015 388 1065 detegat;
426 1014 632 1064 fastigatio
655 1014 730 1051 levi
755 1014 976 1052 descendat
999 1027 1127 1052 cuneo
1149 1014 1276 1052 tribus
1300 1027 1378 1052 non

197 1089 386 1139 ampliore
423 1089 571 1140 digitis,
608 1089 715 1140 quod
750 1089 937 1126 facillime
973 1092 1171 1140 contingit
1207 1092 1378 1127 tinctum

197 1177 301 1214 aqua
315 1164 561 1202 radentibus.
601 1177 652 1202 ne
668 1171 888 1202 exacuatur
901 1167 941 1202 in
958 1170 1091 1202 vento.
1129 1177 1181 1202 ne
1202 1170 1341 1202 cortex
1355 1178 1379 1202 a

197 1239 304 1290 ligno
327 1239 497 1277 decedat
521 1239 715 1277 alterutri.
769 1239 944 1277 calamus
968 1239 1019 1277 ad
1041 1242 1229 1277 corticem
1253 1253 1378 1291 usque

197 1328 313 1352 suum
336 1315 605 1364 deprimatur3
643 1328 693 1352 ne
717 1314 878 1352 luxetur
900 1314 995 1352 dum
1019 1315 1255 1365 deprimitur
1276 1328 1378 1353 neve

196 1395 334 1427 cortex
352 1390 566 1440 replicetur
584 1393 623 1427 in
642 1403 772 1440 rugas.
827 1390 917 1427 ideo
935 1389 1188 1427 lacrimantes
1205 1389 1378 1428 calamos

197 1467 315 1502 inseri
332 1478 411 1501 non
427 1471 601 1514 oportet,
619 1479 712 1509 non,
730 1464 936 1509 Hercules,
953 1468 1080 1516 magis
1097 1478 1218 1516 quam
1235 1465 1378 1510 aridos,

198 1543 290 1590 quia
315 1539 381 1576 illo
406 1540 524 1577 modo
548 1539 659 1576 labat
685 1553 822 1577 umore
848 1543 968 1577 nimio
993 1546 1145 1584 cortex,
1169 1539 1243 1578 hoc
1269 1540 1376 1578 vitali

194 1614 357 1651 defectu
379 1628 456 1651 non
478 1618 645 1652 umescit
668 1628 799 1666 neque
819 1621 1138 1665 concorporatur.
1192 1615 1233 1652 id
1253 1618 1376 1652 etiam

196 1689 395 1739 religionis
433 1696 608 1734 servant,
647 1696 691 1727 ut
730 1689 824 1727 luna
861 1696 1081 1735 crescente,
1119 1696 1165 1728 ut
1201 1689 1376 1728 calamus

247 1783 258 1802 ²
283 1782 472 1814 Rackhmn:
500 1783 603 1815 favet.

246 1826 258 1845 '
280 1831 416 1857 tantum
434 1827 553 1858 tenui?
573 1826 748 1867 Mayhoff:
773 1830 890 1858 tamen
908 1827 1003 1858 tenui
1019 1832 1076 1858 aut
1092 1827 1187 1858 tenui
1204 1830 1331 1859 tamen.

235 1980 250 1995 ⁰
273 1976 332 2008 Le.
361 1977 480 2018 upside
507 1978 618 2016 down,
646 1977 706 2008 the
732 1981 795 2019 top
822 1977 861 2009 os
879 1977 938 2009 the
960 1977 1025 2018 elip
1050 1977 1148 2019 being
1171 1982 1235 2020 put
1257 1978 1292 2010 in
1316 1978 1376 2011 the

191 2018 277 2057 bole,
294 2023 355 2051 not
371 2020 430 2052 the
447 2024 504 2052 cut
521 2021 596 2052 end.
642 2018 737 2052 ’Tho
753 2020 1048 2061 cambium-hyat.

196 2091 242 2127 74
