1486 2359
419 140 609 178 PLINY:
653 139 919 178 NATURAL
955 138 1190 176 HISTORY

126 250 188 282 235
215 246 406 294 Aegypto
423 247 574 294 sagitta
591 246 745 293 vesperi
764 243 930 285 occidit;
962 245 1060 280 item
1079 242 1130 279 ad
1148 254 1187 278 vx
1205 241 1292 279 idus
1311 241 1395 279 Ian.

215 313 392 351 eiusdem
434 311 611 363 delphini
652 315 879 362 vespertino
918 325 1057 349 occasu
1097 313 1274 348 continui
1313 310 1397 348 dies

213 383 394 420 hiemant
426 383 583 427 Italiae,
614 388 656 419 et
686 396 776 420 cum
807 381 864 419 sol
894 384 934 418 in
965 383 1170 431 aquarium
1203 383 1399 418 sentiatur

213 456 397 497 transire,
411 453 518 503 quod
530 453 614 490 fere
630 465 694 489 xw
707 451 786 489 kal.
802 451 898 488 Feb.
915 453 1060 488 evenit.
1107 463 1179 487 vm
1191 449 1270 487 kal.
1282 449 1397 488 stella

216 526 326 573 regia
360 522 563 573 appellata
595 522 796 559 Tuberoni
831 524 870 558 in
904 526 1066 570 pectore
1100 520 1223 557 leonis
1256 519 1399 557 occidit

215 592 447 630 matutinol
484 598 525 629 et
560 592 687 642 pridie
723 604 846 628 nonas
884 591 978 628 Feb.
1013 590 1167 627 fidicula
1204 589 1398 639 vespere²

126 668 187 700 236
213 663 368 700 occidit.
424 661 539 699 huius
552 664 746 711 temporis
759 663 978 698 novissimis
992 660 1146 704 diebus,
1160 659 1400 710 ubicumque

214 735 393 783 patietur
420 731 520 769 caeli
549 734 665 776 ratio,
694 737 844 768 terram
874 730 925 768 ad
942 729 1162 767 -rosarum³
1191 735 1233 767 et
1263 731 1400 766 vineae

215 809 347 840 satum
383 808 539 839 vertere
577 801 724 852 bipalio
758 803 1109 851 oportet—iugero
1142 812 1287 850 operae
1330 811 1401 836 Lxx

215 871 591 910 sufficiunt—fossas
630 884 803 922 purgare
829 876 898 907 aut
930 883 1049 907 novas
1075 868 1222 913 facere,
1248 868 1400 907 antelu-

215 945 322 980 canis
365 942 611 979 ferramenta
653 954 810 983 acuere,
852 940 1061 977 manubria
1103 945 1257 990 aptare,
1297 938 1401 976 dolia

217 1026 359 1063 quassa
380 1015 538 1056 sarcire,
557 1014 688 1049 ovium
710 1013 936 1061 tegimenta
955 1012 1191 1047 concinnare
1211 1011 1401 1059 ipsarum-

217 1096 294 1133 que
312 1082 422 1119 lanas
441 1081 640 1119 scabendo
658 1093 842 1132 purgare.

127 1157 167 1189 gg

172 1160 189 1189 *J

270 1152 391 1189 LXV.
422 1153 457 1189 A
483 1151 640 1189 favonio
665 1154 705 1188 in
729 1153 1026 1201 aequinoctium
1053 1162 1217 1187 vernum
1243 1148 1401 1187 Caesari

218 1222 415 1273 significat
440 1234 505 1259 xw
539 1221 619 1259 kal.
651 1221 774 1258 Mart.
800 1221 976 1257 triduum
1008 1222 1128 1263 varie,
1152 1225 1194 1256 et
1217 1231 1290 1256 vm
1323 1218 1402 1256 kal.

217 1291 436 1329 hirundinis
462 1294 544 1329 visu
569 1297 611 1329 et
634 1296 795 1341 postero
819 1290 883 1327 die
908 1292 1053 1327 arcturi
1079 1294 1220 1326 exortu
1245 1301 1402 1339 vesper-

218 1364 316 1405 tino,
346 1364 444 1399 item
476 1374 522 1398 111
554 1374 644 1398 non.
679 1359 1004 1397 Mart—Caesar
1032 1361 1162 1396 cancri
1193 1363 1334 1396 exortu
1363 1358 1402 1396 id

220 1432 304 1468 fieri
333 1431 572 1474 observaw't,
600 1432 727 1467 maior
759 1443 850 1479 pars
884 1435 1093 1466 auctorum
1128 1427 1403 1465 vindemitoris

219 1504 520 1538 inmersu—vm
545 1500 632 1538 idus
657 1499 845 1550 aquilonii
870 1501 985 1549 piscis
1011 1503 1153 1536 exortu
1179 1503 1219 1535 et
1244 1502 1404 1548 postero

218 1570 283 1607 die
321 1570 500 1613 Orionis;
536 1572 576 1607 in
613 1570 750 1606 Attica
786 1569 949 1606 milvum
985 1580 1178 1618 apparere
1212 1572 1403 1605 servatur.

220 1640 367 1677 Caesar
396 1645 437 1677 et
465 1639 553 1677 idus
585 1639 707 1676 Mart.
737 1638 881 1676 ferales
910 1638 982 1675 sibi
1011 1639 1165 1675 notavit
1192 1638 1404 1687 scorpionis

219 1723 374 1753 occasu,
404 1721 453 1746 xv
481 1709 560 1746 kal.
589 1722 682 1746 vero
714 1707 839 1758 April.
872 1707 1013 1745 Italiae
1042 1706 1205 1744 milvum
1232 1706 1404 1750 ostendi,

220 1792 276 1816 ΧΠ
296 1779 374 1817 kal.
396 1792 544 1831 equum
564 1778 744 1817 occidere
763 1780 975 1815 matutino.

557 1905 567 1924 ¹
594 1905 700 1937 EM:
725 1905 910 1936 matutina.

557 1949 569 1967 ¹
599 1949 626 1978 V
629 1947 660 1980 .l.
679 1958 830 1989 vespera.

557 1991 570 2009 ⁸
601 1991 659 2022 VJ.
680 1991 805 2022 rosaria
821 1995 878 2021 aut
895 1990 1069 2021 rosarium.

221 2070 292 2118 338
