1486 2359
142 389 182 420 89

140 936 182 966 90

141 1470 177 1500 91

411 125 439 160 P
447 125 494 162 LI
505 125 575 162 ΝΥ
591 139 599 162 :
653 125 798 162 NA'l'U
807 125 914 162 RAL
952 107 1187 163 H'ISTORY

210 228 345 265 orbem
361 231 567 271 circinant,
583 234 625 265 ut
642 230 680 265 in
697 227 808 265 malis
824 230 1011 278 pirisque,
1024 227 1191 266 eaedem
1207 241 1391 267 enormes

208 309 365 347 cerasis.
385 306 513 343 lauris.

261 384 413 421 XVIII.
444 384 527 421 Iam
593 383 790 434 quaedam
858 384 1084 421 umbrarum
1153 386 1388 434 proprietas.

209 462 441 513 iuglandum
483 465 612 509 gravis
653 468 694 500 et
736 464 853 499 noxia
893 465 1014 499 etiam
1055 464 1175 512 capiti
1218 461 1392 499 humano

208 541 470 590 omnibusque
505 543 615 577 iuxta
647 542 766 583 satis;
814 545 930 577 necat
963 542 1144 590 gramina
1177 546 1220 578 et
1252 543 1391 590 pinus;

209 619 278 656 sed
316 621 442 655 ventis
478 624 648 668 utraque
686 620 847 661 resistit,
877 621 1064 668 quoniam
1100 623 1143 655 et
1179 618 1388 668 proiecta¹

211 700 412 733 vinearum
437 699 591 733 ratione
617 694 794 747 tegunt.²
846 695 1029 733 stilicidia
1056 698 1184 745 pinus,
1209 709 1392 746 quercus,

210 774 305 812 ilicis
326 774 670 824 ponderosissima,
690 773 839 811 nullum
861 776 1049 823 cupressi,
1071 774 1209 810 umbra
1230 776 1392 811 minima

209 858 250 890 et
281 855 319 889 in
350 866 391 889 sc.
421 852 655 895 convoluta;
701 852 861 889 ficorum
892 851 1002 895 levis,
1032 854 1211 902 quamvis
1241 865 1391 902 sparsa,

210 931 380 980 ideoque
414 933 518 967 inter
551 933 685 968 vineas
718 932 794 967 seri
828 943 905 966 non
941 935 1140 967 vetentur.
1196 929 1390 967 ulmorum

212 1009 322 1052 lenis,
350 1011 472 1046 etiarn
504 1012 680 1045 nutriens
710 1007 1018 1058 quaecumque³
1046 1013 1212 1058 opacat:
1257 1007 1392 1046 Attico

212 1086 309 1124 haec
345 1100 502 1136 quoque
541 1086 697 1124 videtur
732 1099 753 1123 e
789 1088 1042 1137 gravissimis,
1079 1099 1151 1123 nec
1185 1085 1326 1124 dubito
1359 1088 1390 1124 si

211 1167 449 1202 emittantur
496 1167 533 1201 in
582 1177 733 1201 ramos:
794 1166 1034 1201 constrictae
1081 1163 1242 1215 quidem
1290 1163 1392 1201 illius

210 1243 367 1277 noxiam
418 1253 503 1277 esse
554 1253 629 1276 non
680 1240 859 1277 arbitror.
915 1239 1087 1276 iucunda
1136 1244 1178 1276 et
1225 1238 1392 1289 platani,

211 1328 452 1365 quamquam
483 1328 636 1352 crassa:
671 1315 763 1352 licet
790 1317 958 1365 gramini
989 1314 1153 1352 credere
1183 1327 1261 1351 non
1290 1314 1392 1352 sub‘

209 1389 285 1426 alia
307 1390 449 1427 laetius
471 1392 666 1439 operienti
687 1396 807 1427 toros.
863 1389 1010 1439 populo
1031 1388 1141 1427 nulla
1160 1388 1390 1428 ludentibus

208 1465 330 1507 foliis;
383 1468 538 1515 pinguis
577 1465 680 1507 alno,
718 1465 788 1501 sed
827 1477 992 1514 pascens
1029 1470 1131 1502 sata.
1193 1466 1282 1502 vitis
1318 1464 1390 1502 sibi

208 1540 363 1583 sufficit,
389 1540 521 1577 mobili
554 1539 645 1576 folio
674 1542 909 1590 iactatuque
932 1539 1071 1577 crebro
1099 1539 1222 1577 solem
1251 1539 1392 1577 umbra

209 1621 452 1664 temperans,
470 1614 611 1652 eodem
628 1617 738 1666 gravi
756 1620 971 1665 protegens
989 1618 1027 1651 in
1045 1614 1184 1652 imbre.
1215 1616 1391 1652 omnium

212 1690 294 1727 sere
312 1690 406 1727 levis
423 1690 563 1727 umbra
580 1703 747 1740 quorum
765 1689 936 1739 pediculi
955 1689 1075 1740 longi.

322 1797 329 1815 ¹
357 1796 465 1828 Dalm.
483 1809 489 1827 :
517 1800 671 1838 protecta
688 1797 742 1837 (cs.
762 1796 844 1827 XVI
862 1797 928 1835 35).

318 1840 330 1858 ²
354 1840 521 1871 Book-ham
538 1853 544 1871 :
569 1844 691 1881 aegent.
708 1844 822 1881 (egent,
837 1839 886 1871 cd.
904 1840 982 1870 Par.
1002 1839 1071 1871 Lat.
1090 1839 1200 1879 6797).

317 1884 329 1902 ³
353 1883 543 1914 Rani-ham:
582 1893 806 1924 quacumque.

316 1927 329 1945 ⁴
355 1926 511 1968 Mayhoff
522 1938 529 1957 ε
554 1937 622 1958 non
638 1926 710 1958 soli.

547 2019 560 2032 ⁰
583 2013 776 2053 Especially
795 2013 851 2044 the
868 2023 983 2053 aspen.

207 2070 252 2105 62
