1486 2359
119 579 177 609 137

123 1072 180 1102 188

415 161 540 200 PLIN
545 161 580 199 Y
596 176 603 198 ;
647 160 909 199 NATURAL
946 160 1181 198 HISTORY

206 265 457 303 nihilominus
502 272 544 302 et
586 265 879 314 depascuntur;
936 277 1040 314 quae
1083 264 1252 314 depasta
1293 269 1386 301 sunt

205 327 356 364 sarculo
383 330 529 364 iterum
559 329 723 363 excitari
753 329 1029 363 necessarium.
1084 332 1126 362 at
1154 328 1193 362 in
1222 325 1386 368 Bactris,

208 388 356 432 Africa,
376 388 541 439 Cyrenis
562 391 695 425 omnia
723 387 822 425 haec
851 400 1096 438 supervacua
1115 386 1211 424 facit
1224 386 1240 410 ¹
1259 386 1386 424 indul-

205 452 341 500 gentia
365 449 478 493 caeli,
503 456 543 487 et
567 463 589 485 a
613 455 794 486 semente
819 462 896 485 non
921 451 992 485 nisi
1017 448 1209 485 messibus
1232 450 1272 485 in
1295 461 1387 485 arva

206 511 390 555 redeunt,
409 514 501 561 quia
519 513 673 548 siccitas
691 515 849 548 coercet
866 509 1024 553 herbas,
1043 509 1176 560 fruges
1195 514 1387 547 nocturno

204 579 364 610 tantum
382 586 469 610 rore
486 575 703 609 nutriente.
733 571 928 622 Vergilius
946 571 1108 608 alternis
1124 584 1278 608 cessare
1295 584 1386 608 arva

206 635 363 678 suadet,
377 641 417 671 et
432 634 447 658 ²
458 637 489 671 si
503 637 709 684 patiantur
723 637 819 670 ruris
832 636 976 683 spatia,
989 633 1240 670 utilissimum
1254 632 1386 683 procul

208 697 328 733 dubio
346 702 405 733 est
420 709 429 739 ;
460 696 565 746 quod
582 699 613 732 si
631 702 752 745 neget
769 696 960 738 condicio,
976 694 1037 731 far
1052 694 1264 732 serendum
1282 694 1387 732 unde

207 759 386 808 lupinum
402 765 469 794 aut
488 761 584 794 vicia
601 763 670 794 aut
686 757 778 794 faba
794 757 951 793 sublata
967 759 1045 793 sint
1062 762 1104 794 et
1120 769 1224 806 quae
1237 762 1386 793 terram

208 820 359 857 faciunt
387 820 608 857 laetiorem.
664 822 703 856 in
733 821 949 869 primisque
979 825 1021 855 et
1049 817 1122 855 hoc
1152 817 1386 862 notandum,

207 882 406 932 quaedam
427 888 590 932 propter
610 881 685 918 alia
706 883 781 918 seri
800 881 930 918 obiter
948 882 979 917 si
996 893 1136 930 parum
1155 892 1388 930 provenere,

211 950 253 980 ut
290 946 417 993 priore
456 943 659 980 diximus³
704 942 916 986 volumine,
952 955 1001 979 ne
1046 941 1189 979 eadem
1232 944 1388 991 saepius

209 1005 413 1049 dicantur3
447 1005 659 1054 plurimum
681 1007 785 1041 enim
808 1004 930 1041 refert
950 1003 1020 1040 soli
1039 1005 1230 1053 cuiusque
1249 1005 1362 1040 ratio.

260 1066 325 1103 LI.
355 1066 503 1103 Civitas
536 1066 694 1103 Africae
727 1068 764 1102 in
798 1065 938 1103 mediis
969 1063 1125 1102 harenis
1157 1064 1388 1115 petentibus

208 1127 345 1178 Syrtes
378 1128 618 1178 Leptimque
654 1127 845 1178 Magnam
878 1133 1041 1164 vocatur
1067 1126 1239 1176 Tacape,
1267 1125 1389 1163 felix⁴

210 1203 328 1239 super
342 1203 459 1227 omne
475 1189 706 1227 miraculum
723 1192 834 1239 riguo
849 1188 942 1225 solo.
996 1191 1119 1225 ternis
1135 1187 1218 1225 fere
1233 1188 1388 1225 milibus

209 1265 395 1302 passuum
434 1254 473 1288 in
512 1264 671 1288 omnem
710 1257 865 1301 partem
905 1249 991 1287 fons
1029 1250 1222 1294 abundat,
1257 1249 1388 1301 largus

211 1313 387 1363 quidem,
431 1313 500 1350 sed
551 1315 668 1350 certis
717 1311 901 1349 horarum
952 1314 1089 1362 spatiis
1139 1311 1390 1362 dispensatur

211 1378 314 1411 inter
341 1375 498 1412 incolas.
554 1375 711 1424 palmae
736 1374 788 1411 ibi
819 1373 1055 1424 praegrandi
1081 1373 1263 1411 subditur
1288 1372 1389 1417 olea,

211 1435 299 1473 huic
335 1437 443 1481 ficus,
483 1437 554 1474 fico
588 1439 744 1486 punica,
777 1435 829 1472 illi
864 1438 975 1479 vitis;
1017 1435 1089 1472 sub
1129 1438 1208 1472 vite
1245 1438 1389 1472 seritur

211 1498 470 1542 frumentum,
536 1511 629 1535 mox
678 1498 878 1548 legumen,
920 1497 1065 1534 deinde
1112 1497 1210 1541 olus,
1256 1499 1388 1534 omnia

212 1560 351 1596 eodem
407 1573 524 1602 anno,
590 1562 803 1609 omniaque
852 1558 980 1595 aliena
1031 1559 1169 1595 umbra
1216 1557 1386 1596 aluntur.

416 1654 426 1672 ¹
449 1652 640 1685 Rackham:
666 1652 755 1684 fecit.

412 1697 424 1715 ¹
447 1700 482 1728 et
498 1696 572 1727 add.
591 1695 660 1728 edd.

412 1740 424 1758 ³
449 1739 606 1780 Mayhoff
617 1751 624 1770 :
649 1739 676 1770 si
694 1748 814 1779 parum
831 1739 1009 1780 provenire
1025 1738 1184 1770 diximus.

413 1784 425 1801 ⁴
449 1782 638 1813 Rackhom:
664 1781 762 1813 felici.

253 1931 267 1946 ⁶
292 1927 401 1966 Geory.
421 1926 448 1957 I.
467 1927 526 1958 71:

429 1985 577 2016 Alternis
595 1984 684 2016 idem
703 1988 820 2016 tonsas
837 1993 966 2015 cessare
984 1983 1123 2015 novales

430 2029 474 2059 Et
491 2038 632 2069 segnum
652 2028 782 2069 patiere
799 2028 867 2058 situ
886 2027 1062 2058 durescere
1081 2036 1252 2068 campum.

211 2090 280 2136 306
