1486 2359
120 467 180 499 176

121 789 181 820 176

119 1304 179 1336 177

417 164 582 201 PLINY
598 178 606 202 ι
649 165 912 203 NATURAL
948 165 1185 203 HISTORY

207 269 421 312 medullae,
433 268 706 306 laudatissima
719 274 780 306 est
793 282 815 306 e
827 269 961 307 medio
974 282 1077 319 quae
1092 283 1201 307 mesa
1213 276 1388 308 vocatur.

207 333 382 371 secunda
422 333 618 384 Mylasea.
672 333 779 384 quod
816 334 867 371 ad
904 336 1189 383 proceritatem
1227 335 1388 385 quidem

208 400 370 442 attinet,
382 397 510 435 Rosea
523 400 606 448 agri
618 397 751 435 Sabini
764 398 948 435 arborum
961 398 1214 436 altitudinem
1227 405 1388 450 aequat.

208 461 359 499 ferulae
383 462 462 499 duo
487 475 636 513 genera
663 465 702 499 in
727 465 946 514 peregrinis
973 462 1179 500 fruticibus
1204 463 1387 501 diximus.

208 539 345 564 semen
383 529 466 563 eius
504 529 543 563 in
582 526 699 564 Italia
736 527 858 564 cibus·
885 533 968 570 est3
1018 527 1202 565 conditur
1239 530 1387 578 quippe

208 591 407 641 duratque
444 594 483 627 in
519 593 645 628 urceis
682 591 743 628 vel
780 593 871 628 anni
908 594 1051 641 spatio.
1105 591 1184 629 duo
1221 605 1271 629 ex
1288 592 1301 615 ¹
1340 605 1389 630 ea

207 655 346 699 olera‚²
375 655 507 692 caules
539 661 581 693 et
614 656 792 692 racemi.³
846 655 1076 706 corymbian
1110 655 1211 693 hanc
1245 663 1389 695 vocant

207 720 495 770 corymbosque
510 733 607 770 quos
621 719 828 757 condunt!¹

261 783 385 821 LVII.
428 784 590 821 Morbos
634 783 837 822 hortensia
879 797 1037 835 quoque
1073 787 1252 823 sentiunt
1288 787 1390 824 sieut

208 848 361 899 reliqua
379 855 486 885 terra
502 854 604 886 sata.
653 862 825 899 namque
847 855 889 886 et
909 851 1080 886 ocimum
1096 855 1306 887 senectute
1321 850 1389 888 de-

207 919 377 964 generat
397 916 436 949 in
456 913 686 964 serpyllum,
703 919 745 950 et
764 914 1017 964 sisymbrium
1038 916 1078 950 in
1097 913 1330 959 zmintham,
1347 921 1389 952 et

209 991 258 1014 ex
274 980 424 1015 semine
446 978 642 1015 brassicae
658 983 795 1015 vetere
811 991 907 1028 rapa
929 978 1043 1022 fiunt,
1063 984 1186 1029 atque
1206 981 1388 1017 invicem.

209 1048 250 1079 et
267 1048 433 1079 necatur
448 1045 649 1079 cuminum
665 1041 940 1086 haem0d0r0,⁵
954 1045 1025 1079 nisi
1039 1048 1298 1094 repurgetur:
1328 1050 1389 1081 est

208 1112 344 1143 autcm
364 1107 558 1151 unicaule,
574 1107 706 1144 radice
723 1107 845 1144 bulbo
862 1107 991 1151 simili,
1009 1121 1087 1144 non
1105 1109 1178 1144 nisi
1195 1109 1238 1144 in
1253 1108 1391 1158 gracili

208 1171 290 1208 solo
313 1184 489 1208 nascens.
545 1171 644 1208 alius
667 1174 852 1221 privatim
874 1174 1020 1209 cumini
1043 1172 1202 1209 morbus
1224 1172 1388 1210 scabies.

209 1242 251 1273 et
288 1238 458 1272 ocimum
496 1236 569 1273 sub
605 1239 712 1273 canis
750 1242 840 1273 ortu
878 1236 1072 1285 pallescit.
1127 1239 1259 1273 omnia
1297 1250 1390 1275 vero

207 1313 366 1337 accessu
385 1300 557 1337 mulieris
575 1300 827 1337 menstrualis
846 1300 1075 1338 flavescunt.
1131 1300 1388 1339 bestiolarum

209 1377 367 1415 quoque
397 1378 546 1415 genera
576 1367 848 1409 innascuntur,
877 1367 990 1415 napis
1019 1365 1182 1415 pulices,
1211 1364 1389 1416 raphano

208 1442 353 1466 urucae
371 1435 412 1466 et
429 1429 644 1473 vermiculi,
660 1432 758 1466 item
773 1429 938 1467 lactucis
956 1435 998 1467 et
1014 1429 1124 1474 oleri,
1140 1432 1298 1480 utrique
1315 1429 1388 1469 hoc

208 1493 376 1543 amplius
390 1493 549 1531 limaces
563 1500 604 1530 et
617 1493 789 1538 cocleae,
801 1507 917 1544 porro
930 1507 1022 1531 vero
1034 1496 1189 1544 privata
1202 1494 1388 1532 animalia

208 1571 311 1608 quae
329 1557 514 1595 facillime
532 1564 705 1595 stercore
726 1561 870 1596 iniecto
887 1561 1100 1608 capiuntur
1115 1558 1330 1596 condentia
1347 1561 1387 1596 in

210 1622 249 1660 ld
268 1636 322 1659 se.
377 1622 481 1659 ferro
500 1636 658 1673 quoque
678 1636 755 1659 non
776 1623 964 1673 expedire
982 1625 1095 1674 tangi
1114 1628 1260 1666 rutam,
1278 1625 1387 1660 cuni-

206 1686 300 1731 lam,
316 1693 508 1731 mentam,
524 1689 694 1724 ocimum
711 1693 848 1724 auctor
864 1693 925 1724 est
940 1686 1107 1725 Sabinus
1123 1686 1216 1725 Tiro
1232 1689 1272 1725 in
1287 1687 1386 1725 libro

205 1754 430 1801 κηπουρικῶν
450 1765 570 1802 quem
593 1751 823 1789 Maecenati
844 1752 1001 1789 dicavit.

247 1862 254 1879 ¹
279 1870 319 1890 ex
337 1859 411 1890 add.
432 1859 592 1899 Mayhaeff.
741 1859 753 1877 ²
776 1858 892 1890 olera?
919 1858 1089 1899 Mayhoff:
1114 1868 1246 1899 genera.

244 1902 257 1921 ⁸
281 1902 362 1941 [duo
389 1927 394 1932 .
421 1927 426 1933 .
454 1927 459 1932 .
486 1903 621 1941 racemi]
645 1901 784 1933 Urlichs.
900 1901 913 1921 ⁴
941 1902 1184 1942 Warminqton:
1209 1901 1383 1934 condiunt.

248 1945 260 1964 ⁶
286 1945 458 1984 αἱμοδώρῳ
475 1945 655 1985 Deflessen:
681 1945 724 1975 ab
748 1946 816 1976 imo
832 1944 933 1975 dorso
952 1944 1040 1976 cdrl.:
1065 1945 1109 1976 ab
1127 1945 1194 1976 imo
1211 1947 1288 1975 orto
1304 1945 1382 1976 hae-

202 1989 344 2019 mmloro
368 1989 592 2028 ll'arminqlon
607 1988 677 2019 coll.
695 1987 825 2029 Theoph
832 1999 856 2018 r.
872 1988 956 2018 H.P.
972 1987 1068 2025 VIII,
1083 1989 1112 2025 8,
1125 1990 1144 2020 5
1159 1987 1383 2029 ὖποφυόμενον

202 2031 291 2063 εὐθὺς
309 2030 345 2063 ἐκ
361 2035 417 2073 τῆς
431 2031 522 2075 ῥίζης
538 2033 585 2072 τῷ
603 2029 726 2072 κυμίνῳ
752 2055 759 2061 .
785 2055 792 2062 .
820 2055 827 2062 .
853 2030 889 2062 τὸ
907 2029 1100 2071 αι’μόδωρον.

198 2103 265 2140 532
