1486 2359
139 265 179 293 78

142 1251 181 1281 50

141 1745 177 1774 81

409 154 597 192 PLINY:
649 154 914 193 NATURAL
950 155 986 191 H
995 154 1187 192 ISTORY

256 257 407 294 XVIII.
438 257 586 294 Hordei
617 256 746 294 farina
777 263 819 294 et
849 257 901 294 ad
930 257 1174 294 medendum
1204 262 1387 301 utuntur,

207 322 428 369 mirumque
466 321 505 355 in
546 332 616 355 usu
655 322 924 356 iumentorum
963 319 1120 369 ignibus
1158 319 1304 356 durato
1341 332 1388 356 ac

207 387 346 430 postea
384 380 522 417 molito
559 381 722 431 offisque
761 379 937 417 humana
974 393 1094 417 manu
1132 380 1310 418 demissis
1347 383 1387 417 in

207 442 336 479 alvum
356 445 523 479 maiores
541 445 596 479 eis
615 445 714 479 vires
732 448 919 493 torosque
936 444 1107 492 corporis
1126 442 1222 479 fieri.
1254 444 1388 492 spicae

207 504 405 554 quaedam
422 504 533 540 binos
549 504 705 540 ordines
721 503 887 548 habent,
902 504 1102 554 quaedam
1116 503 1247 553 plures
1262 516 1388 554 usque

207 566 257 603 ad
287 579 415 602 senos.
469 579 594 616 grano
627 568 699 615 ipsi
731 565 883 616 aliquot
915 564 1188 603 differentiae:
1232 565 1388 616 longius

207 627 410 677 leviusque
444 633 513 664 aut
547 627 704 664 brevius
738 628 815 664 acl
844 627 1066 670 rotundius,
1091 626 1297 664 candidius
1332 629 1388 664 ni-

206 692 376 739 griusve,
395 691 457 725 cui
478 702 652 738 purpura
673 695 734 726 est
754 689 913 738 opimo2
933 689 984 725 ad
1004 688 1231 738 polentam3
1249 694 1389 726 contra

206 757 472 800 tempestates
506 750 676 787 candido
712 753 887 787 maxima
922 751 1141 787 infirmitas.
1195 749 1388 788 hordeum

207 812 365 863 frugum
388 815 563 849 omnium
587 812 858 849 mollissimum
882 818 956 849 est.
1011 814 1088 849 seri
1110 825 1189 849 non
1211 811 1294 849 volt
1316 814 1388 849 nisi

207 877 245 910 in
259 877 361 911 sicca
376 880 417 911 et
432 874 560 910 soluta
575 880 683 911 terra
698 887 743 911 ac
759 877 830 910 nisi
844 873 966 910 laeta.
1020 873 1138 924 palea
1152 887 1202 910 ex
1216 876 1389 923 optimis,

206 942 428 973 stramento
469 949 561 972 vero
604 935 756 972 nullum
796 941 1049 985 conparatur.
1104 934 1298 973 hordeum
1339 948 1389 972 ex

207 1001 313 1034 omni
359 997 561 1034 frumento
608 1000 769 1034 minime
815 997 1108 1041 calamitosum,
1155 999 1249 1047 quia
1293 1003 1389 1034 ante

207 1060 358 1096 tollitur
411 1072 532 1109 quam
586 1062 765 1096 triticum
819 1064 988 1108 occupet
1041 1059 1182 1109 rubigo
1235 1059 1389 1108 (itaque

206 1125 408 1170 sapientes
435 1121 632 1171 agricolae
659 1124 836 1158 triticum
865 1121 1019 1157 cibariis
1049 1126 1209 1157 tantum
1238 1126 1389 1164 serunt,

208 1182 399 1220 hordeum
433 1183 590 1219 sacculo
624 1186 699 1219 seri
735 1183 903 1232 dicunt),
937 1188 1152 1232 propterea
1183 1181 1389 1219 celerrime

209 1245 334 1288 redit;
388 1245 753 1295 fertilissimumque
807 1251 868 1281 est
921 1244 1027 1294 quod
1079 1247 1118 1280 in
1171 1243 1388 1294 Hispaniae

208 1306 451 1357 Carthagine
477 1306 601 1356 Aprili
626 1319 762 1343 mense
785 1305 998 1343 collectum
1023 1311 1096 1342 est.
1150 1304 1223 1343 hoc
1246 1308 1390 1342 seritur

209 1368 350 1405 eodem
392 1382 527 1404 mens<-
570 1371 608 1404 in
650 1368 881 1411 Celtiberia,
923 1367 1146 1417 eodemque
1186 1380 1290 1404 anno
1329 1367 1389 1404 bis

209 1433 393 1481 nascitur.
449 1433 601 1479 rapitur
630 1443 747 1466 omne
777 1443 800 1466 a
829 1432 957 1479 prima
985 1431 1125 1466 statim
1154 1431 1390 1466 maturitate

209 1492 462 1528 festinantius
498 1505 617 1541 quam
653 1497 812 1534 cerera3
861 1490 989 1541 fragili
1027 1493 1132 1527 enim
1167 1490 1313 1540 sfipula
1348 1496 1390 1527 et

208 1556 438 1590 tenuissima
451 1553 565 1602 palea
577 1567 745 1603 granum
757 1555 996 1589 continetur.
1051 1552 1254 1589 meliorem
1267 1554 1388 1589 etiam

208 1615 411 1665 polentam
449 1615 531 1651 fieri
566 1615 732 1651 tradunt
769 1617 800 1651 si
837 1628 914 1651 non
951 1620 1118 1651 excocta
1153 1615 1389 1651 maturitate

207 1677 404 1713 ’(οὶῐὲιῒυικῖΞ

260 1738 370 1775 XIX.
401 1738 605 1775 Frumenti
623 1751 774 1788 genera
793 1751 870 1775 non
889 1737 1032 1775 eadem
1052 1737 1213 1787 ubique,
1231 1749 1304 1774 nec
1323 1736 1389 1774 ubi

209 1801 351 1837 eadem
382 1807 475 1837 sunt
505 1800 630 1836 isdem
662 1799 896 1836 nominibus.
953 1798 1220 1849 volgatissima
1251 1811 1301 1836 ex
1330 1797 1389 1836 his

261 1888 270 1905 ¹
299 1886 471 1926 jlttyshnss:
498 1890 568 1917 aut.
603 1915 605 1917 .

257 1930 269 1949 ²
292 1931 424 1970 optimo
439 1929 488 1960 cd.
514 1930 582 1960 Vae.
602 1929 671 1959 Lat.
689 1930 791 1960 3861:
819 1928 941 1959 ult-imo
957 1928 1024 1959 rell.

258 1973 270 1991 ³
294 1973 449 2045 §Sps-80
460 1973 600 2013 sorta-we
614 1973 661 2003 ita
676 1971 921 2012 transponenda
938 1975 1015 2003 sunt
1032 1974 1066 2002 ut
1083 1975 1184 2012 caput
1200 1971 1267 2003 XV
1284 1970 1314 2011 (ξ
1334 1972 1386 2008 74)

212 2020 278 2046 auh
288 2028 329 2046 ret
343 2021 411 2046 11111.

209 2090 278 2122 240
