<?xml version="1.0" encoding="UTF-8"?>
<!DOCTYPE html PUBLIC "-//W3C//DTD XHTML 1.0 Transitional//EN"
    "http://www.w3.org/TR/xhtml1/DTD/xhtml1-transitional.dtd">
<html xmlns="http://www.w3.org/1999/xhtml" xml:lang="en" lang="en">
 <head>
  <title>
</title>
<meta http-equiv="Content-Type" content="text/html;charset=utf-8" />
  <meta name='ocr-system' content='tesseract 3.04.00' />
  <meta name='ocr-capabilities' content='ocr_page ocr_carea ocr_par ocr_line ocrx_word'/>
</head>
<body>
  <div class='ocr_page' id='page_1' title='image "./naturalhistory05plinuoft/naturalhistory05plinuoft_0330.png"; bbox 0 0 1486 2359; ppageno 0'>
   <div class='ocr_carea' id='block_1_1' title="bbox 168 406 208 434">
    <p class='ocr_par' dir='ltr' id='par_1_1' title="bbox 168 406 208 434">
     <span class='ocr_line' id='line_1_1' title="bbox 168 406 208 434; baseline 0 0"><span class='ocrx_word' id='word_1_1' title='bbox 168 406 208 434; x_wconf 74' lang='lat'>20</span> 
     </span>
    </p>
   </div>
   <div class='ocr_carea' id='block_1_2' title="bbox 213 890 231 920">
    <p class='ocr_par' dir='ltr' id='par_1_2' title="bbox 213 890 231 920">
     <span class='ocr_line' id='line_1_2' title="bbox 213 890 231 920; textangle 90"><span class='ocrx_word' id='word_1_2' title='bbox 213 890 231 920; x_wconf 69' lang='grc' dir='ltr'>Ν)</span> 
     </span>
    </p>
   </div>
   <div class='ocr_carea' id='block_1_3' title="bbox 455 156 1221 194">
    <p class='ocr_par' dir='ltr' id='par_1_3' title="bbox 455 156 1221 194">
     <span class='ocr_line' id='line_1_3' title="bbox 455 156 1221 194; baseline -0.003 0"><span class='ocrx_word' id='word_1_3' title='bbox 455 157 642 194; x_wconf 84' lang='lat' dir='ltr'>PLINY:</span> <span class='ocrx_word' id='word_1_4' title='bbox 687 157 949 194; x_wconf 69' lang='lat' dir='ltr'>NATURAI,</span> <span class='ocrx_word' id='word_1_5' title='bbox 987 156 1221 193; x_wconf 83' lang='lat' dir='ltr'>HISTORY</span> 
     </span>
    </p>
   </div>
   <div class='ocr_carea' id='block_1_4' title="bbox 255 258 1441 1423">
    <p class='ocr_par' dir='ltr' id='par_1_4' title="bbox 255 258 1434 366">
     <span class='ocr_line' id='line_1_4' title="bbox 255 258 1434 309; baseline 0 -14"><span class='ocrx_word' id='word_1_6' title='bbox 255 263 467 309; x_wconf 77' lang='lat' dir='ltr'>scorpionis</span> <span class='ocrx_word' id='word_1_7' title='bbox 481 260 692 296; x_wconf 83' lang='lat' dir='ltr'><strong>duodecim</strong></span> <span class='ocrx_word' id='word_1_8' title='bbox 708 266 842 309; x_wconf 79' lang='lat' dir='ltr'>partes</span> <span class='ocrx_word' id='word_1_9' title='bbox 857 266 1104 306; x_wconf 74' lang='lat' dir='ltr'>transgresso</span> <span class='ocrx_word' id='word_1_10' title='bbox 1117 272 1206 295; x_wconf 90' lang='lat' dir='ltr'>cum</span> <span class='ocrx_word' id='word_1_11' title='bbox 1222 258 1313 295; x_wconf 82' lang='lat' dir='ltr'>luna</span> <span class='ocrx_word' id='word_1_12' title='bbox 1329 264 1434 296; x_wconf 80' lang='lat' dir='ltr'>esset</span> 
     </span>
     <span class='ocr_line' id='line_1_5' title="bbox 257 333 438 366; baseline -0.006 0"><span class='ocrx_word' id='word_1_13' title='bbox 257 333 292 366; x_wconf 82' lang='lat' dir='ltr'>in</span> <span class='ocrx_word' id='word_1_14' title='bbox 313 337 438 365; x_wconf 73' lang='lat' dir='ltr'>tauro.</span> 
     </span>
    </p>

    <p class='ocr_par' dir='ltr' id='par_1_5' title="bbox 256 397 1441 1423">
     <span class='ocr_line' id='line_1_6' title="bbox 310 397 1435 449; baseline 0 -14"><span class='ocrx_word' id='word_1_15' title='bbox 310 399 411 435; x_wconf 77' lang='lat' dir='ltr'>LVI.</span> <span class='ocrx_word' id='word_1_16' title='bbox 441 398 629 449; x_wconf 76' lang='lat' dir='ltr'>Sequitur</span> <span class='ocrx_word' id='word_1_17' title='bbox 649 397 724 435; x_wconf 84' lang='lat' dir='ltr'>huc</span> <span class='ocrx_word' id='word_1_18' title='bbox 744 398 868 435; x_wconf 84' lang='lat' dir='ltr'>dilata</span> <span class='ocrx_word' id='word_1_19' title='bbox 890 403 931 434; x_wconf 87' lang='lat' dir='ltr'>et</span> <span class='ocrx_word' id='word_1_20' title='bbox 952 400 1126 435; x_wconf 85' lang='lat' dir='ltr'>maxima</span> <span class='ocrx_word' id='word_1_21' title='bbox 1145 397 1325 448; x_wconf 76' lang='lat' dir='ltr'>indigens</span> <span class='ocrx_word' id='word_1_22' title='bbox 1343 411 1435 435; x_wconf 86' lang='lat' dir='ltr'>cura</span> 
     </span>
     <span class='ocr_line' id='line_1_7' title="bbox 257 468 1434 518; baseline 0 -14"><span class='ocrx_word' id='word_1_23' title='bbox 257 469 306 505; x_wconf 82' lang='lat' dir='ltr'>de</span> <span class='ocrx_word' id='word_1_24' title='bbox 342 476 522 517; x_wconf 67' lang='lat' dir='ltr'>tempore</span> <span class='ocrx_word' id='word_1_25' title='bbox 554 468 687 518; x_wconf 76' lang='lat' dir='ltr'>fruges</span> <span class='ocrx_word' id='word_1_26' title='bbox 718 468 873 504; x_wconf 78' lang='lat' dir='ltr'>serendi</span> <span class='ocrx_word' id='word_1_27' title='bbox 905 470 1100 517; x_wconf 83' lang='lat' dir='ltr'>quaestio,</span> <span class='ocrx_word' id='word_1_28' title='bbox 1130 481 1355 518; x_wconf 80' lang='lat' dir='ltr'>magnaque</span> <span class='ocrx_word' id='word_1_29' title='bbox 1387 481 1434 504; x_wconf 91' lang='lat' dir='ltr'>ex</span> 
     </span>
     <span class='ocr_line' id='line_1_8' title="bbox 257 537 1437 587; baseline -0.001 -13"><span class='ocrx_word' id='word_1_30' title='bbox 257 544 371 587; x_wconf 88' lang='lat' dir='ltr'>parte</span> <span class='ocrx_word' id='word_1_31' title='bbox 398 540 539 574; x_wconf 90' lang='lat' dir='ltr'>rationi</span> <span class='ocrx_word' id='word_1_32' title='bbox 557 537 571 560; x_wconf 84' lang='lat'>²</span> <span class='ocrx_word' id='word_1_33' title='bbox 599 537 772 574; x_wconf 91' lang='lat' dir='ltr'>siderum</span> <span class='ocrx_word' id='word_1_34' title='bbox 799 549 965 580; x_wconf 87' lang='lat' dir='ltr'>conexa,</span> <span class='ocrx_word' id='word_1_35' title='bbox 992 537 1251 586; x_wconf 89' lang='lat' dir='ltr'>quamobrem</span> <span class='ocrx_word' id='word_1_36' title='bbox 1278 542 1437 573; x_wconf 86' lang='lat' dir='ltr'>senten-</span> 
     </span>
     <span class='ocr_line' id='line_1_9' title="bbox 256 606 1435 656; baseline 0.001 -13"><span class='ocrx_word' id='word_1_37' title='bbox 256 610 332 643; x_wconf 76' lang='lat' dir='ltr'>tias</span> <span class='ocrx_word' id='word_1_38' title='bbox 355 610 532 643; x_wconf 89' lang='lat' dir='ltr'>omnium</span> <span class='ocrx_word' id='word_1_39' title='bbox 556 610 594 643; x_wconf 89' lang='lat' dir='ltr'>in</span> <span class='ocrx_word' id='word_1_40' title='bbox 618 609 753 656; x_wconf 86' lang='lat' dir='ltr'>primis</span> <span class='ocrx_word' id='word_1_41' title='bbox 775 606 827 643; x_wconf 91' lang='lat' dir='ltr'>ad</span> <span class='ocrx_word' id='word_1_42' title='bbox 848 606 888 643; x_wconf 91' lang='lat' dir='ltr'>id</span> <span class='ocrx_word' id='word_1_43' title='bbox 909 609 1157 656; x_wconf 70' lang='lat' dir='ltr'>pertinentes</span> <span class='ocrx_word' id='word_1_44' title='bbox 1179 619 1435 656; x_wconf 87' lang='lat' dir='ltr'>exponemus.</span> 
     </span>
     <span class='ocr_line' id='line_1_10' title="bbox 258 675 1438 727; baseline -0.001 -14"><span class='ocrx_word' id='word_1_45' title='bbox 258 676 469 720; x_wconf 77' lang='lat' dir='ltr'>Hesiodus,</span> <span class='ocrx_word' id='word_1_46' title='bbox 514 679 580 726; x_wconf 92' lang='lat' dir='ltr'>qui</span> <span class='ocrx_word' id='word_1_47' title='bbox 627 679 808 726; x_wconf 84' lang='lat' dir='ltr'>princeps</span> <span class='ocrx_word' id='word_1_48' title='bbox 853 675 1058 712; x_wconf 90' lang='lat' dir='ltr'>hominum</span> <span class='ocrx_word' id='word_1_49' title='bbox 1103 675 1153 712; x_wconf 87' lang='lat' dir='ltr'>de</span> <span class='ocrx_word' id='word_1_50' title='bbox 1199 675 1438 727; x_wconf 85' lang='lat' dir='ltr'>agricultura</span> 
     </span>
     <span class='ocr_line' id='line_1_11' title="bbox 258 745 1439 796; baseline -0.001 -13"><span class='ocrx_word' id='word_1_51' title='bbox 258 749 476 796; x_wconf 88' lang='lat' dir='ltr'>praecepit,</span> <span class='ocrx_word' id='word_1_52' title='bbox 519 759 640 782; x_wconf 92' lang='lat' dir='ltr'>unum</span> <span class='ocrx_word' id='word_1_53' title='bbox 683 752 844 795; x_wconf 86' lang='lat' dir='ltr'>tempus</span> <span class='ocrx_word' id='word_1_54' title='bbox 886 746 1042 782; x_wconf 89' lang='lat' dir='ltr'>serendi</span> <span class='ocrx_word' id='word_1_55' title='bbox 1084 745 1248 782; x_wconf 75' lang='lat' dir='ltr'>tradidit</span> <span class='ocrx_word' id='word_1_56' title='bbox 1291 759 1313 781; x_wconf 87' lang='lat' dir='ltr'>a</span> <span class='ocrx_word' id='word_1_57' title='bbox 1355 758 1439 782; x_wconf 81' lang='lat' dir='ltr'>ver-</span> 
     </span>
     <span class='ocr_line' id='line_1_12' title="bbox 257 814 1439 865; baseline -0.001 -13"><span class='ocrx_word' id='word_1_58' title='bbox 257 815 439 865; x_wconf 81' lang='lat' dir='ltr'>giliarum</span> <span class='ocrx_word' id='word_1_59' title='bbox 459 828 623 859; x_wconf 79' lang='lat' dir='ltr'>occasu;</span> <span class='ocrx_word' id='word_1_60' title='bbox 657 815 855 852; x_wconf 81' lang='lat' dir='ltr'>scribebat</span> <span class='ocrx_word' id='word_1_61' title='bbox 876 817 981 852; x_wconf 92' lang='lat' dir='ltr'>enim</span> <span class='ocrx_word' id='word_1_62' title='bbox 1002 817 1042 851; x_wconf 91' lang='lat' dir='ltr'>in</span> <span class='ocrx_word' id='word_1_63' title='bbox 1061 814 1227 852; x_wconf 85' lang='lat' dir='ltr'>Boeotia</span> <span class='ocrx_word' id='word_1_64' title='bbox 1246 814 1439 859; x_wconf 85' lang='lat' dir='ltr'>Helladis,</span> 
     </span>
     <span class='ocr_line' id='line_1_13' title="bbox 259 884 1440 935; baseline 0.001 -14"><span class='ocrx_word' id='word_1_65' title='bbox 259 885 323 921; x_wconf 92' lang='lat' dir='ltr'>ubi</span> <span class='ocrx_word' id='word_1_66' title='bbox 349 888 405 922; x_wconf 85' lang='lat' dir='ltr'>ita</span> <span class='ocrx_word' id='word_1_67' title='bbox 429 888 505 922; x_wconf 85' lang='lat' dir='ltr'>seri</span> <span class='ocrx_word' id='word_1_68' title='bbox 529 885 713 922; x_wconf 85' lang='lat' dir='ltr'>diximus.</span> <span class='ocrx_word' id='word_1_69' title='bbox 770 887 873 922; x_wconf 87' lang='lat' dir='ltr'>inter</span> <span class='ocrx_word' id='word_1_70' title='bbox 896 884 1218 935; x_wconf 82' lang='lat' dir='ltr'>diligentissimos</span> <span class='ocrx_word' id='word_1_71' title='bbox 1241 887 1440 929; x_wconf 86' lang='lat' dir='ltr'>convenit,</span> 
     </span>
     <span class='ocr_line' id='line_1_14' title="bbox 260 954 1439 1005; baseline 0 -14"><span class='ocrx_word' id='word_1_72' title='bbox 260 961 301 991; x_wconf 90' lang='lat' dir='ltr'>ut</span> <span class='ocrx_word' id='word_1_73' title='bbox 322 957 360 991; x_wconf 90' lang='lat' dir='ltr'>in</span> <span class='ocrx_word' id='word_1_74' title='bbox 378 955 516 991; x_wconf 88' lang='lat' dir='ltr'>alitum</span> <span class='ocrx_word' id='word_1_75' title='bbox 536 954 908 1005; x_wconf 89' lang='lat' dir='ltr'>quadripedumque</span> <span class='ocrx_word' id='word_1_76' title='bbox 925 957 1125 1004; x_wconf 86' lang='lat' dir='ltr'>genitura,</span> <span class='ocrx_word' id='word_1_77' title='bbox 1143 967 1228 992; x_wconf 84' lang='lat' dir='ltr'>esse</span> <span class='ocrx_word' id='word_1_78' title='bbox 1246 954 1439 1005; x_wconf 88' lang='lat' dir='ltr'>quosdam</span> 
     </span>
     <span class='ocr_line' id='line_1_15' title="bbox 259 1022 1439 1074; baseline -0.001 -13"><span class='ocrx_word' id='word_1_79' title='bbox 259 1024 308 1061; x_wconf 83' lang='lat' dir='ltr'>ad</span> <span class='ocrx_word' id='word_1_80' title='bbox 342 1030 579 1074; x_wconf 85' lang='lat' dir='ltr'>conceptum</span> <span class='ocrx_word' id='word_1_81' title='bbox 615 1027 788 1074; x_wconf 84' lang='lat' dir='ltr'>impetus</span> <span class='ocrx_word' id='word_1_82' title='bbox 823 1029 865 1060; x_wconf 85' lang='lat' dir='ltr'>et</span> <span class='ocrx_word' id='word_1_83' title='bbox 898 1029 1052 1067; x_wconf 82' lang='lat' dir='ltr'>terrae;</span> <span class='ocrx_word' id='word_1_84' title='bbox 1100 1022 1173 1061; x_wconf 90' lang='lat' dir='ltr'>hoc</span> <span class='ocrx_word' id='word_1_85' title='bbox 1208 1023 1349 1061; x_wconf 90' lang='lat' dir='ltr'>Graeci</span> <span class='ocrx_word' id='word_1_86' title='bbox 1382 1026 1439 1061; x_wconf 85' lang='lat' dir='ltr'>ita</span> 
     </span>
     <span class='ocr_line' id='line_1_16' title="bbox 256 1092 1438 1144; baseline 0 -14"><span class='ocrx_word' id='word_1_87' title='bbox 256 1093 467 1137; x_wconf 74' lang='lat' dir='ltr'>deliniunt,</span> <span class='ocrx_word' id='word_1_88' title='bbox 481 1107 570 1130; x_wconf 89' lang='lat' dir='ltr'>cum</span> <span class='ocrx_word' id='word_1_89' title='bbox 586 1096 635 1130; x_wconf 83' lang='lat' dir='ltr'>sit</span> <span class='ocrx_word' id='word_1_90' title='bbox 651 1093 777 1131; x_wconf 82' lang='lat' dir='ltr'>calida</span> <span class='ocrx_word' id='word_1_91' title='bbox 793 1099 835 1130; x_wconf 86' lang='lat' dir='ltr'>et</span> <span class='ocrx_word' id='word_1_92' title='bbox 850 1093 997 1130; x_wconf 90' lang='lat' dir='ltr'>umida.</span> <span class='ocrx_word' id='word_1_93' title='bbox 1053 1092 1248 1144; x_wconf 87' lang='lat' dir='ltr'>Vergilius</span> <span class='ocrx_word' id='word_1_94' title='bbox 1262 1096 1438 1131; x_wconf 86' lang='lat' dir='ltr'>triticum</span> 
     </span>
     <span class='ocr_line' id='line_1_17' title="bbox 260 1162 1441 1213; baseline 0.001 -14"><span class='ocrx_word' id='word_1_95' title='bbox 260 1170 300 1200; x_wconf 86' lang='lat' dir='ltr'>et</span> <span class='ocrx_word' id='word_1_96' title='bbox 322 1162 382 1199; x_wconf 83' lang='lat' dir='ltr'>sar</span> <span class='ocrx_word' id='word_1_97' title='bbox 401 1177 424 1199; x_wconf 90' lang='lat' dir='ltr'>a</span> <span class='ocrx_word' id='word_1_98' title='bbox 447 1163 696 1213; x_wconf 80' lang='lat' dir='ltr'>vergiliarum</span> <span class='ocrx_word' id='word_1_99' title='bbox 718 1176 858 1200; x_wconf 85' lang='lat' dir='ltr'>occasu</span> <span class='ocrx_word' id='word_1_100' title='bbox 880 1165 955 1200; x_wconf 82' lang='lat' dir='ltr'>seri</span> <span class='ocrx_word' id='word_1_101' title='bbox 977 1163 1103 1207; x_wconf 87' lang='lat' dir='ltr'>iubet,</span> <span class='ocrx_word' id='word_1_102' title='bbox 1123 1162 1316 1200; x_wconf 88' lang='lat' dir='ltr'>hordeum</span> <span class='ocrx_word' id='word_1_103' title='bbox 1337 1166 1441 1200; x_wconf 86' lang='lat' dir='ltr'>inter</span> 
     </span>
     <span class='ocr_line' id='line_1_18' title="bbox 259 1233 1440 1282; baseline 0.001 -13"><span class='ocrx_word' id='word_1_104' title='bbox 259 1235 554 1282; x_wconf 83' lang='lat' dir='ltr'>aequinoctium</span> <span class='ocrx_word' id='word_1_105' title='bbox 584 1235 765 1269; x_wconf 88' lang='lat' dir='ltr'>autumni</span> <span class='ocrx_word' id='word_1_106' title='bbox 799 1239 841 1269; x_wconf 86' lang='lat' dir='ltr'>et</span> <span class='ocrx_word' id='word_1_107' title='bbox 872 1233 1070 1277; x_wconf 88' lang='lat' dir='ltr'>brumam,</span> <span class='ocrx_word' id='word_1_108' title='bbox 1102 1235 1241 1270; x_wconf 85' lang='lat' dir='ltr'>viciam</span> <span class='ocrx_word' id='word_1_109' title='bbox 1274 1246 1366 1270; x_wconf 89' lang='lat' dir='ltr'>vero</span> <span class='ocrx_word' id='word_1_110' title='bbox 1398 1238 1440 1270; x_wconf 85' lang='lat' dir='ltr'>et</span> 
     </span>
     <span class='ocr_line' id='line_1_19' title="bbox 261 1302 1439 1353; baseline 0.001 -15"><span class='ocrx_word' id='word_1_111' title='bbox 261 1303 447 1352; x_wconf 73' lang='lat' dir='ltr'>passiolos</span> <span class='ocrx_word' id='word_1_112' title='bbox 464 1309 504 1339; x_wconf 78' lang='lat' dir='ltr'>et</span> <span class='ocrx_word' id='word_1_113' title='bbox 522 1303 672 1339; x_wconf 87' lang='lat' dir='ltr'>lentem</span> <span class='ocrx_word' id='word_1_114' title='bbox 690 1303 810 1339; x_wconf 88' lang='lat' dir='ltr'>boote</span> <span class='ocrx_word' id='word_1_115' title='bbox 826 1303 1055 1346; x_wconf 88' lang='lat' dir='ltr'>occidente;</span> <span class='ocrx_word' id='word_1_116' title='bbox 1085 1316 1163 1353; x_wconf 93' lang='lat' dir='ltr'>quo</span> <span class='ocrx_word' id='word_1_117' title='bbox 1180 1303 1223 1339; x_wconf 85' lang='lat' dir='ltr'>fit</span> <span class='ocrx_word' id='word_1_118' title='bbox 1240 1308 1284 1340; x_wconf 84' lang='lat' dir='ltr'>ut</span> <span class='ocrx_word' id='word_1_119' title='bbox 1300 1302 1439 1340; x_wconf 91' lang='lat' dir='ltr'>horum</span> 
     </span>
     <span class='ocr_line' id='line_1_20' title="bbox 260 1372 1440 1423; baseline 0.001 -14"><span class='ocrx_word' id='word_1_120' title='bbox 260 1373 432 1409; x_wconf 83' lang='lat' dir='ltr'>siderum</span> <span class='ocrx_word' id='word_1_121' title='bbox 453 1372 699 1423; x_wconf 86' lang='lat' dir='ltr'>aliorumque</span> <span class='ocrx_word' id='word_1_122' title='bbox 719 1378 881 1410; x_wconf 86' lang='lat' dir='ltr'>exortus</span> <span class='ocrx_word' id='word_1_123' title='bbox 900 1379 941 1410; x_wconf 91' lang='lat' dir='ltr'>et</span> <span class='ocrx_word' id='word_1_124' title='bbox 959 1386 1118 1410; x_wconf 88' lang='lat' dir='ltr'>occasus</span> <span class='ocrx_word' id='word_1_125' title='bbox 1137 1373 1343 1423; x_wconf 86' lang='lat' dir='ltr'>digerendi</span> <span class='ocrx_word' id='word_1_126' title='bbox 1361 1375 1440 1410; x_wconf 85' lang='lat' dir='ltr'>sint</span> 
     </span>
    </p>
   </div>
   <div class='ocr_carea' id='block_1_5' title="bbox 176 1442 1438 1493">
    <p class='ocr_par' dir='ltr' id='par_1_6' title="bbox 176 1442 1438 1493">
     <span class='ocr_line' id='line_1_21' title="bbox 176 1442 1438 1493; baseline 0.001 -15"><span class='ocrx_word' id='word_1_127' title='bbox 176 1447 238 1478; x_wconf 77' lang='lat'>203</span> <span class='ocrx_word' id='word_1_128' title='bbox 265 1445 303 1478; x_wconf 90' lang='lat' dir='ltr'>in</span> <span class='ocrx_word' id='word_1_129' title='bbox 323 1456 413 1479; x_wconf 89' lang='lat' dir='ltr'>suos</span> <span class='ocrx_word' id='word_1_130' title='bbox 437 1443 533 1479; x_wconf 87' lang='lat' dir='ltr'>dies.</span> <span class='ocrx_word' id='word_1_131' title='bbox 589 1449 681 1479; x_wconf 88' lang='lat' dir='ltr'>sunt</span> <span class='ocrx_word' id='word_1_132' title='bbox 707 1445 773 1492; x_wconf 91' lang='lat' dir='ltr'>qui</span> <span class='ocrx_word' id='word_1_133' title='bbox 798 1448 839 1479; x_wconf 87' lang='lat' dir='ltr'>et</span> <span class='ocrx_word' id='word_1_134' title='bbox 863 1448 958 1479; x_wconf 83' lang='lat' dir='ltr'>ante</span> <span class='ocrx_word' id='word_1_135' title='bbox 983 1442 1233 1493; x_wconf 84' lang='lat' dir='ltr'>vergiliarum</span> <span class='ocrx_word' id='word_1_136' title='bbox 1258 1455 1438 1479; x_wconf 87' lang='lat' dir='ltr'>occasum</span> 
     </span>
    </p>
   </div>
   <div class='ocr_carea' id='block_1_6' title="bbox 259 1511 1440 1903">
    <p class='ocr_par' dir='ltr' id='par_1_7' title="bbox 259 1511 1440 1903">
     <span class='ocr_line' id='line_1_22' title="bbox 259 1511 1439 1563; baseline 0.001 -15"><span class='ocrx_word' id='word_1_137' title='bbox 259 1515 333 1548; x_wconf 83' lang='lat' dir='ltr'>scri</span> <span class='ocrx_word' id='word_1_138' title='bbox 376 1512 554 1555; x_wconf 82' lang='lat' dir='ltr'>iubeant,</span> <span class='ocrx_word' id='word_1_139' title='bbox 595 1512 809 1549; x_wconf 83' lang='lat' dir='ltr'>dumtaxat</span> <span class='ocrx_word' id='word_1_140' title='bbox 849 1514 889 1548; x_wconf 90' lang='lat' dir='ltr'>in</span> <span class='ocrx_word' id='word_1_141' title='bbox 930 1512 1039 1549; x_wconf 80' lang='lat' dir='ltr'>arida</span> <span class='ocrx_word' id='word_1_142' title='bbox 1079 1518 1184 1549; x_wconf 83' lang='lat' dir='ltr'>terra</span> <span class='ocrx_word' id='word_1_143' title='bbox 1224 1511 1439 1563; x_wconf 85' lang='lat' dir='ltr'>calidisque</span> 
     </span>
     <span class='ocr_line' id='line_1_23' title="bbox 261 1581 1440 1632; baseline 0.002 -15"><span class='ocrx_word' id='word_1_144' title='bbox 261 1584 481 1631; x_wconf 79' lang='lat' dir='ltr'>provinciis,</span> <span class='ocrx_word' id='word_1_145' title='bbox 504 1581 691 1618; x_wconf 85' lang='lat' dir='ltr'>custodiri</span> <span class='ocrx_word' id='word_1_146' title='bbox 722 1584 827 1618; x_wconf 91' lang='lat' dir='ltr'>enim</span> <span class='ocrx_word' id='word_1_147' title='bbox 857 1595 995 1618; x_wconf 90' lang='lat' dir='ltr'>semen</span> <span class='ocrx_word' id='word_1_148' title='bbox 1025 1582 1132 1618; x_wconf 82' lang='lat' dir='ltr'>non2</span> <span class='ocrx_word' id='word_1_149' title='bbox 1160 1588 1440 1632; x_wconf 87' lang='lat' dir='ltr'>corrumpente</span> 
     </span>
     <span class='ocr_line' id='line_1_24' title="bbox 261 1651 1438 1701; baseline 0.001 -14"><span class='ocrx_word' id='word_1_150' title='bbox 261 1664 412 1691; x_wconf 81' lang='lat' dir='ltr'>umore,</span> <span class='ocrx_word' id='word_1_151' title='bbox 433 1657 474 1687; x_wconf 82' lang='lat' dir='ltr'>et</span> <span class='ocrx_word' id='word_1_152' title='bbox 503 1664 525 1687; x_wconf 90' lang='lat' dir='ltr'>a</span> <span class='ocrx_word' id='word_1_153' title='bbox 554 1654 734 1701; x_wconf 81' lang='lat' dir='ltr'>proximo</span> <span class='ocrx_word' id='word_1_154' title='bbox 765 1651 890 1688; x_wconf 87' lang='lat' dir='ltr'>imbre</span> <span class='ocrx_word' id='word_1_155' title='bbox 920 1665 998 1688; x_wconf 91' lang='lat' dir='ltr'>uno</span> <span class='ocrx_word' id='word_1_156' title='bbox 1028 1652 1092 1688; x_wconf 90' lang='lat' dir='ltr'>die</span> <span class='ocrx_word' id='word_1_157' title='bbox 1124 1664 1355 1701; x_wconf 84' lang='lat' dir='ltr'>erumpere;</span> <span class='ocrx_word' id='word_1_158' title='bbox 1375 1651 1438 1688; x_wconf 90' lang='lat' dir='ltr'>alii</span> 
     </span>
     <span class='ocr_line' id='line_1_25' title="bbox 261 1720 1439 1771; baseline 0.001 -14"><span class='ocrx_word' id='word_1_159' title='bbox 261 1723 396 1757; x_wconf 80' lang='lat' dir='ltr'>statim</span> <span class='ocrx_word' id='word_1_160' title='bbox 429 1720 479 1756; x_wconf 90' lang='lat' dir='ltr'>ab</span> <span class='ocrx_word' id='word_1_161' title='bbox 502 1733 640 1757; x_wconf 88' lang='lat' dir='ltr'>occasu</span> <span class='ocrx_word' id='word_1_162' title='bbox 664 1720 928 1770; x_wconf 83' lang='lat' dir='ltr'>vergiliarum,</span> <span class='ocrx_word' id='word_1_163' title='bbox 948 1723 1059 1771; x_wconf 83' lang='lat' dir='ltr'>sequi</span> <span class='ocrx_word' id='word_1_164' title='bbox 1081 1720 1216 1757; x_wconf 81' lang='lat' dir='ltr'>enim³</span> <span class='ocrx_word' id='word_1_165' title='bbox 1242 1721 1388 1759; x_wconf 89' lang='lat' dir='ltr'>imbres</span> <span class='ocrx_word' id='word_1_166' title='bbox 1417 1735 1439 1758; x_wconf 90' lang='lat' dir='ltr'>a</span> 
     </span>
     <span class='ocr_line' id='line_1_26' title="bbox 262 1789 1439 1841; baseline 0.002 -15"><span class='ocrx_word' id='word_1_167' title='bbox 262 1793 432 1839; x_wconf 83' lang='lat' dir='ltr'>septimo</span> <span class='ocrx_word' id='word_1_168' title='bbox 464 1789 546 1827; x_wconf 89' lang='lat' dir='ltr'>fere</span> <span class='ocrx_word' id='word_1_169' title='bbox 577 1789 664 1832; x_wconf 86' lang='lat' dir='ltr'>die;</span> <span class='ocrx_word' id='word_1_170' title='bbox 709 1790 827 1840; x_wconf 86' lang='lat' dir='ltr'>aliqui</span> <span class='ocrx_word' id='word_1_171' title='bbox 859 1793 897 1826; x_wconf 91' lang='lat' dir='ltr'>in</span> <span class='ocrx_word' id='word_1_172' title='bbox 929 1790 1078 1840; x_wconf 88' lang='lat' dir='ltr'>frigidis</span> <span class='ocrx_word' id='word_1_173' title='bbox 1109 1791 1159 1827; x_wconf 85' lang='lat' dir='ltr'>ab</span> <span class='ocrx_word' id='word_1_174' title='bbox 1190 1793 1439 1841; x_wconf 89' lang='lat' dir='ltr'>aequinoctio</span> 
     </span>
     <span class='ocr_line' id='line_1_27' title="bbox 262 1859 1436 1903; baseline 0.003 -8"><span class='ocrx_word' id='word_1_175' title='bbox 262 1862 457 1902; x_wconf 80' lang='lat' dir='ltr'>autumni,</span> <span class='ocrx_word' id='word_1_176' title='bbox 478 1862 516 1896; x_wconf 88' lang='lat' dir='ltr'>in</span> <span class='ocrx_word' id='word_1_177' title='bbox 535 1859 669 1896; x_wconf 90' lang='lat' dir='ltr'>calidis</span> <span class='ocrx_word' id='word_1_178' title='bbox 690 1862 826 1903; x_wconf 87' lang='lat' dir='ltr'>serius,</span> <span class='ocrx_word' id='word_1_179' title='bbox 847 1873 897 1897; x_wconf 91' lang='lat' dir='ltr'>ne</span> <span class='ocrx_word' id='word_1_180' title='bbox 916 1866 1011 1897; x_wconf 83' lang='lat' dir='ltr'>ante</span> <span class='ocrx_word' id='word_1_181' title='bbox 1030 1859 1203 1897; x_wconf 87' lang='lat' dir='ltr'>hiemem</span> <span class='ocrx_word' id='word_1_182' title='bbox 1225 1859 1436 1898; x_wconf 84' lang='lat' dir='ltr'>luxurient.</span> 
     </span>
    </p>
   </div>
   <div class='ocr_carea' id='block_1_7' title="bbox 486 1945 1239 2063">
    <p class='ocr_par' dir='ltr' id='par_1_8' title="bbox 486 1945 1239 2063">
     <span class='ocr_line' id='line_1_28' title="bbox 488 1945 862 1986; baseline 0.003 -10"><span class='ocrx_word' id='word_1_183' title='bbox 488 1945 497 1963; x_wconf 84' lang='lat'>¹</span> <span class='ocrx_word' id='word_1_184' title='bbox 524 1945 679 1986; x_wconf 77' lang='lat' dir='ltr'>Mayhoff</span> <span class='ocrx_word' id='word_1_185' title='bbox 690 1957 696 1976; x_wconf 89' lang='lat'><strong>:</strong></span> <span class='ocrx_word' id='word_1_186' title='bbox 722 1946 862 1977; x_wconf 75' lang='lat' dir='ltr'>ratione.</span> 
     </span>
     <span class='ocr_line' id='line_1_29' title="bbox 487 1988 1239 2029; baseline 0.001 -10"><span class='ocrx_word' id='word_1_187' title='bbox 487 1989 499 2006; x_wconf 86' lang='lat'><strong>²</strong></span> <span class='ocrx_word' id='word_1_188' title='bbox 523 1999 588 2019; x_wconf 89' lang='lat' dir='ltr'>non</span> <span class='ocrx_word' id='word_1_189' title='bbox 606 1989 680 2019; x_wconf 70' lang='lat' dir='ltr'>add.</span> <span class='ocrx_word' id='word_1_190' title='bbox 700 1988 874 2019; x_wconf 69' lang='lat' dir='ltr'>Mardonia</span> <span class='ocrx_word' id='word_1_191' title='bbox 891 1993 923 2026; x_wconf 85' lang='lat' dir='ltr'>(a</span> <span class='ocrx_word' id='word_1_192' title='bbox 941 1989 1042 2020; x_wconf 46' lang='lat' dir='ltr'>mida</span> <span class='ocrx_word' id='word_1_193' title='bbox 1063 1989 1239 2029; x_wconf 79' lang='lat' dir='ltr'>Mayleoff).</span> 
     </span>
     <span class='ocr_line' id='line_1_30' title="bbox 486 2031 896 2063; baseline 0.002 -1"><span class='ocrx_word' id='word_1_194' title='bbox 486 2032 498 2049; x_wconf 80' lang='lat'>³</span> <span class='ocrx_word' id='word_1_195' title='bbox 521 2033 609 2062; x_wconf 83' lang='lat' dir='ltr'>enim</span> <span class='ocrx_word' id='word_1_196' title='bbox 627 2031 702 2063; x_wconf 72' lang='lat' dir='ltr'>add.</span> <span class='ocrx_word' id='word_1_197' title='bbox 719 2032 896 2063; x_wconf 70' lang='lat' dir='ltr'>Beck-ham.</span> 
     </span>
    </p>
   </div>
   <div class='ocr_carea' id='block_1_8' title="bbox 262 2085 332 2132">
    <p class='ocr_par' dir='ltr' id='par_1_9' title="bbox 262 2085 332 2132">
     <span class='ocr_line' id='line_1_31' title="bbox 262 2085 332 2132; baseline 0 -12"><span class='ocrx_word' id='word_1_198' title='bbox 262 2085 332 2132; x_wconf 81' lang='lat'>316</span> 
     </span>
    </p>
   </div>
  </div>
 </body>
</html>
