1486 2359
113 427 176 458 255

114 973 177 1004 256

407 161 573 198 PLINY
588 175 596 198 ε
648 161 912 199 NATURAL
949 161 1184 200 HISTORY

204 265 393 302 firmiores
422 264 713 314 fertilioresque
743 264 856 302 fiunt.
912 277 1004 301 nam
1032 264 1276 314 caprificatio
1303 278 1383 303 ma-

201 349 324 380 turat.

255 420 397 458 XLIV.
429 420 474 457 In
504 433 552 457 ea
580 419 724 457 culices
754 422 860 457 nasci
891 433 912 457 e
941 423 1084 470 grossis
1113 420 1385 465 manifestum,

204 501 391 550 quoniam
411 512 500 535 cum
519 498 726 535 evolavere
748 512 824 534 non
846 501 1103 535 inveniuntur
1122 501 1228 536 intus
1247 512 1385 550 grana,

204 590 307 627 quae
324 579 363 613 in
381 589 447 613 eos
465 589 577 613 versa
594 582 762 625 apparet
778 588 786 619 ;
819 576 990 613 exeundi
1008 582 1123 613 tanta
1142 583 1202 613 est
1219 577 1386 614 aviditas

204 661 248 692 ut
271 654 451 705 plerique
475 660 544 691 aut
568 654 672 704 pede
696 653 834 690 relicto
858 660 927 691 aut
950 657 1096 703 pinnae
1119 660 1235 704 parte
1258 667 1386 692 erum-

203 740 314 783 pant.
371 739 431 769 est
477 738 519 769 et
564 732 671 769 aliud
716 745 842 779 genus
887 731 1056 769 culicum
1101 745 1199 782 quos
1243 739 1386 770 vocant

204 813 419 853 centrinas,
436 810 534 847 fucis
554 812 686 859 apium
707 809 852 846 similes
871 812 1028 859 ignavia
1047 809 1279 860 malitiaque
1296 823 1385 848 cum

204 891 378 939 pernicie
405 901 585 925 verorum
616 894 656 924 et
687 887 866 930 utilium;
898 890 1144 925 interemunt
1173 891 1278 925 enim
1302 887 1386 926 illos

203 974 326 1017 atque
354 968 425 1016 ipsi
451 968 776 1003 commoriuntur.
833 972 980 1002 vexant
1007 972 1048 1002 et
1075 968 1211 1003 tineae
1235 969 1387 1003 semina

205 1045 380 1088 ficorum,
418 1050 557 1081 contra
591 1057 689 1094 quas
729 1043 950 1080 remedium
990 1045 1029 1080 in
1068 1043 1212 1080 eadem
1249 1044 1387 1082 scrobe

204 1122 394 1160 defodere
414 1121 564 1159 taleam
586 1121 738 1158 lentisci
763 1124 918 1158 inversa
945 1127 1062 1171 parte
1089 1135 1192 1171 quae
1218 1121 1339 1159 fuerit
1365 1136 1387 1158 a

203 1202 421 1238 cacumine.
479 1199 697 1236 uberrimas
733 1205 870 1235 autem
907 1199 1000 1235 ficus
1038 1199 1192 1236 rubrica
1228 1213 1387 1237 amurca

205 1279 332 1316 diluta
354 1283 395 1315 et
418 1291 507 1315 cum
536 1277 627 1313 fimo
654 1276 784 1313 insum
814 1276 1010 1313 radicibus
1040 1276 1224 1314 frondere
1253 1280 1388 1327 incipi-

205 1359 357 1393 entium
378 1355 486 1392 facit.
529 1355 801 1404 caprificorum
821 1354 1036 1391 laudantur
1055 1357 1229 1392 maxime
1249 1358 1387 1406 nigrae

206 1441 247 1471 et
277 1437 316 1470 in
344 1436 527 1483 petrosi«,
556 1436 742 1483 quoniam
765 1432 967 1469 frumenta
995 1432 1165 1482 plurima
1195 1431 1387 1478 habeant,

204 1512 448 1562 caprificatio
470 1514 552 1560 ips-a
574 1517 663 1560 post
684 1511 864 1547 imbrem.

257 1589 378 1627 XLV.
409 1589 454 1625 In
480 1591 614 1638 primis
641 1594 777 1625 autem
802 1588 1023 1625 cavendum
1050 1601 1100 1625 ne
1127 1601 1176 1625 ex
1201 1588 1386 1626 remediis

207 1671 302 1705 vitia
346 1668 458 1709 fiant,
502 1667 607 1717 quod
651 1669 784 1703 evenit
829 1669 948 1702 nimia
992 1672 1061 1703 aut
1105 1669 1386 1716 intempestiva

206 1747 415 1784 medicina.
470 1744 723 1781 interlucatio
759 1744 962 1781 arboribus
996 1743 1172 1793 prodest,
1201 1744 1270 1781 sed
1306 1758 1388 1781 om·

207 1828 314 1862 nium
345 1837 536 1860 annorum
563 1823 778 1859 trucidatio
802 1821 1064 1858 inutilissima.
1120 1825 1208 1859 vitis
1227 1828 1386 1860 tantum

206 1910 410 1940 tonsuram
446 1915 618 1938 annuam
656 1903 825 1950 quaerit,
861 1899 1056 1936 alternam
1093 1913 1184 1937 vero
1219 1906 1387 1951 myrtus,

206 1983 389 2031 punicae,
416 1979 543 2021 oleae,
571 1981 662 2028 quia
690 1978 874 2015 celeriter
901 1977 1172 2015 fruticescunt.
1226 1984 1386 2016 ceterae

197 2087 265 2134 176
