1486 2359
126 527 165 556 67

127 1015 168 1043 68

125 1850 166 1880 69

398 137 563 175 PLINY
580 151 588 174 z
631 136 894 174 NATURAL
931 135 1169 174 HISTORY

195 248 309 279 nocte
337 240 664 291 deprehenditur,
690 243 721 277 si
750 253 816 276 vas
843 253 934 277 cum
961 252 1066 290 aqua
1092 240 1323 284 subiciatur,
1350 253 1374 277 a

194 317 384 361 quattuor
417 311 633 360 digitorum
667 308 875 346 intervallo
909 308 1244 346 descendentibus
1280 315 1376 347 ante

194 387 396 431 posterum
424 380 545 423 diem,
572 385 613 416 at
641 382 672 416 si
703 379 834 415 oleum
863 379 1005 416 eodem
1031 379 1150 416 modo
1177 378 1311 423 adsit‚¹
1337 381 1376 416 in

194 450 329 487 hamos
348 452 530 486 curvatis
587 449 707 486 iidem
725 451 763 485 in
783 448 958 486 fistulam
975 447 1070 485 flore
1089 448 1260 486 demisso
1277 451 1377 486 mira

196 519 443 567 longitudine
491 524 685 555 crescunt.
742 531 834 555 ecce
893 531 983 555 cum
1043 520 1217 555 maxime
1276 531 1377 555 nova

195 591 319 626 forma
358 602 494 625 eorum
534 591 572 624 in
611 588 831 638 Campania
868 590 1051 638 provenit
1089 587 1181 624 mali
1218 590 1376 626 cotonei

194 662 335 710 effigie.
391 659 494 696 forte
529 661 655 708 primo
691 664 831 695 natum
868 660 925 695 ita
961 657 1078 695 audio
1114 671 1250 703 unum,
1285 672 1377 696 mox

195 733 344 767 semine
373 742 421 765 ex
450 728 514 765 illo
540 741 666 778 genus
693 728 869 771 factum;
910 727 1194 778 melopeponas
1220 734 1376 766 vocant.

196 813 272 835 non
324 798 501 848 pendent
560 797 597 834 hi
653 797 722 834 sed
767 796 876 834 humi
922 797 1203 842 rotundantur‚
1247 797 1377 835 colore

195 882 326 905 aureo.
383 871 524 904 mirum
547 870 585 904 in
607 866 665 904 his
687 873 849 917 praeter
871 867 1038 918 figuram
1059 867 1311 918 coloremque
1334 874 1376 906 et

195 939 356 975 odorem
391 937 498 988 quod
533 940 811 974 maturitatem
846 937 983 987 adepti
1018 950 1263 987 quamquam
1298 951 1375 975 non

196 1008 419 1057 pendentes
453 1009 592 1043 statim
625 1020 647 1042 a
680 1006 864 1056 pediculo
896 1006 1102 1043 recedunt.
1158 1006 1377 1044 Columella

195 1091 309 1113 suum
339 1076 463 1113 tradit
494 1082 766 1113 commentum
799 1081 842 1112 ut
873 1081 961 1113 toto
992 1089 1096 1112 anno
1126 1078 1378 1128 contingant,

197 1147 379 1183 fruticem
410 1146 495 1182 rubi
527 1159 647 1196 quam
679 1148 945 1182 vastissimum
974 1148 1013 1182 in
1043 1148 1221 1195 apricum
1248 1145 1376 1184 locum

194 1216 409 1253 transferre
435 1222 478 1252 et
502 1215 677 1253 recidere
703 1215 826 1252 duum
850 1215 1066 1266 digitorum
1090 1215 1229 1253 relicta
1252 1218 1376 1266 stirpe

195 1289 295 1323 circa
335 1298 498 1322 vernum
536 1287 857 1336 aequinoctium;
909 1287 965 1322 ita
1003 1287 1042 1322 in
1079 1285 1254 1322 medulla
1290 1286 1377 1324 rubi

194 1358 344 1393 semine
375 1358 594 1392 cucumeris
630 1358 748 1392 insito
779 1361 887 1392 terra
916 1358 1072 1392 minuta
1104 1355 1275 1406 fimoque
1305 1358 1377 1394 cir-

193 1431 499 1476 cumaggeratas
527 1427 710 1462 resistere
740 1425 876 1476 frigori
903 1425 1067 1462 radices.
1121 1438 1376 1464 cucumerum

195 1496 336 1532 Graeci
370 1497 447 1531 tria
480 1508 630 1546 genera
661 1494 806 1539 fecere,
838 1494 1093 1539 Laconicum,
1122 1494 1376 1547 Scytalicum‚

195 1565 426 1608 Boeotium;
463 1578 511 1601 ex
534 1564 592 1602 his
614 1571 774 1602 tantum
798 1564 1040 1603 Laconicum
1062 1578 1165 1616 aqua
1185 1565 1375 1617 gaudere.

194 1641 285 1672 sunt
317 1637 383 1685 qui
415 1634 539 1671 herba
570 1637 729 1671 nomine
761 1648 865 1685 quae
897 1641 1063 1673 vocatur
1091 1635 1197 1673 culix
1227 1636 1376 1674 adtrita

194 1717 330 1742 semen
349 1717 484 1741 eorum
503 1710 751 1742 maceratum
769 1707 845 1741 seri
864 1705 1045 1749 iubeant,
1062 1710 1107 1742 ut
1123 1707 1208 1743 sine
1224 1708 1375 1744 semine

193 1780 416 1811 nascantur.

243 1843 390 1880 XXIV.
421 1843 565 1880 Similis
596 1850 638 1881 et
667 1843 882 1881 cucurbitis
912 1850 1072 1889 natura,
1091 1845 1307 1884 dumtaxat
1334 1849 1374 1885 in

194 1914 414 1951 nascendo:
461 1926 589 1963 aeque
626 1912 798 1950 hiemem
836 1913 971 1958 odere,
1007 1921 1145 1952 amant
1181 1918 1294 1967 rigua
1328 1928 1375 1954 ac

213 2057 234 2090 6
436 2010 447 2030 ²
471 2009 639 2042 Racklmm
656 2009 717 2050 (vd
733 2009 967 2050 <subiectum>
986 2011 1067 2051 sitq:
1093 2012 1147 2044 sit.

189 2068 208 2099 4
238 2069 258 2100 4
