1486 2359
108 1081 168 1112 243

108 1611 170 1642 244

352 144 434 180 PLI
444 145 515 180 ΝΥ
532 158 539 181 :
583 142 846 181 NATURAL
882 141 1118 180 HISTORY

196 262 243 286 xv
268 251 402 298 primis
427 248 566 284 diebus
591 261 669 284 non
693 249 907 296 attingere.
963 245 1156 283 hordeum
1181 247 1251 282 nisi
1276 247 1377 282 sicco

196 321 245 345 ne
264 310 396 344 sarito.
451 309 703 356 putationem
723 308 974 356 aequinoctio
993 311 1197 354 peractam
1215 303 1374 341 habeto.

196 370 335 403 vineae
368 369 549 416 iugerum
584 371 805 415 quaternae
838 377 983 414 operae
1016 369 1176 413 putant,
1209 362 1374 413 alligant

195 429 233 462 in
263 425 423 461 arbusto
451 423 629 474 singulae
656 436 802 474 operae
829 423 987 459 arbores
1015 434 1076 459 xv.
1131 422 1273 459 eodem
1300 420 1373 458 hoc

195 492 377 534 tempore
419 482 621 519 hortorum
665 485 981 532 rosariorumque
1022 494 1115 518 cura
1158 487 1232 524 est,
1274 493 1377 531 quae

195 545 410 593 separatim
444 544 631 592 proximis
665 541 927 578 voluminibus
959 540 1128 584 dicetur,
1160 539 1301 576 eodem
1335 545 1378 576 et.

194 604 350 651 topiarii
366 614 374 645 ;
393 608 480 638 tum
502 603 652 650 optime
673 600 829 637 scrobes
852 600 964 636 fiunt.
1012 605 1119 636 terra
1139 601 1178 635 in
1199 598 1376 635 futurum

196 660 459 711 proscinditur
496 659 669 710 Vergilio
706 662 881 696 maxime
920 664 1096 702 auctore,
1134 663 1178 694 ut
1215 656 1378 708 glaebas

196 721 250 756 sol
307 725 517 770 excoquat.
573 719 704 755 utilior
758 721 959 755 sententia
1014 729 1117 767 quae
1173 729 1251 754 non
1306 718 1377 752 nisi

196 785 468 829 temperatum
492 778 618 815 solum
644 777 776 814 medio
801 790 892 814 vere
917 779 1019 813 arari
1042 776 1169 820 iubet,
1193 777 1378 826 quoniam

196 842 235 875 in
277 841 413 888 pingui
455 840 593 874 statim
635 836 760 873 sulcos
803 842 1000 885 occupant
1041 834 1204 878 herbae,
1245 833 1379 884 gracili

196 900 363 934 insecuti
390 903 524 933 aestus
551 899 752 932 exsiccant
778 907 1021 944 omnemque
1046 907 1184 931 sucum
1204 895 1380 930 venturis

196 956 411 993 seminibus
455 955 664 998 auferunt;
719 954 817 991 talia
861 960 1056 990 autumno
1098 953 1238 990 melius
1281 954 1380 989 arari

195 1022 349 1053 certum
371 1021 444 1052 est.

245 1075 346 1112 Cato
396 1087 515 1111 verna
564 1086 685 1123 opera
734 1075 788 1110 sie
837 1072 999 1109 definit:
1063 1072 1070 1083 ¹
1091 1071 1248 1108 scrobes
1298 1070 1381 1108 fieri

197 1136 429 1177 seminariis,
459 1132 692 1182 <vitiaria>1
723 1134 947 1182 propagari,
976 1133 1015 1168 in
1044 1130 1136 1168 locis
1169 1132 1306 1167 crassis
1340 1134 1382 1166 et

198 1193 339 1230 umidis
360 1192 499 1236 ulmos,
521 1192 625 1235 ficos,
645 1205 778 1241 poma,
799 1190 907 1227 oleas
926 1192 1017 1234 seri,
1038 1195 1154 1240 prata
1173 1190 1381 1226 stercorari

197 1253 290 1289 luna
318 1255 480 1289 siiiente
511 1264 613 1301 quae
644 1253 754 1299 rigua
787 1264 864 1286 non
895 1255 1025 1292 erunt,
1054 1262 1078 1285 a
1106 1248 1205 1285 flatu
1237 1247 1381 1285 favonii

197 1311 372 1354 defendi,
403 1313 577 1361 purgari,
607 1309 750 1346 herbas
789 1309 913 1346 malas
944 1308 1132 1346 radicitus
1163 1309 1260 1351 erui,
1292 1307 1382 1344 ficos

198 1373 450 1420 inferputari,
485 1371 698 1406 seminaria
734 1368 817 1405 fieri
853 1374 895 1404 et
931 1373 1069 1404 vetera
1102 1368 1250 1410 sarciri,
1284 1364 1383 1403 haec

198 1436 415 1480 antequam
450 1432 606 1465 vineam
642 1427 778 1464 fodere
814 1425 1004 1477 incipias.'
1038 1425 1242 1475 idemque,
1274 1427 1383 1475 ‘piro

198 1489 365 1526 florente
394 1501 505 1524 arare
531 1486 722 1536 incipito²
748 1499 882 1523 macra
907 1485 1204 1535 harenosaque;
1243 1489 1383 1534 postea

199 1551 257 1585 uti
284 1560 467 1598 quaeque
490 1549 720 1597 gravissima
748 1551 790 1582 et
817 1547 1074 1595 aquosissima
1099 1546 1157 1580 ita
1183 1549 1383 1593 postremo

196 1605 334 1643 arato.’
389 1619 483 1656 ergo
532 1605 629 1642 haec
679 1607 804 1640 aratio
854 1603 985 1640 duas⁸
1040 1601 1205 1639 habebit
1255 1607 1384 1645 notas,

246 1701 258 1720 ¹
283 1700 369 1731 Ian:
395 1699 575 1731 seminaria
600 1699 795 1738 (seminaria
817 1702 844 1729 el
869 1697 930 1728 lac.
954 1696 1155 1729 Pontedera:
1181 1695 1383 1730 seminariis.

201 1744 347 1774 vitiariis
364 1742 476 1774 locum
495 1743 593 1777 verti.
613 1742 701 1772 vites
719 1741 902 1782 propagari
920 1740 1000 1772 Cato
1017 1738 1105 1779 XL).

250 1787 262 1806 ¹
289 1785 464 1826 Mayhoff:
491 1785 643 1826 incipiat.

248 1829 261 1848 ⁸
286 1829 396 1860 duas?
416 1827 592 1869 Mayhoff:
618 1827 689 1859 huz.

243 1941 259 1956 ⁰
283 1936 507 1977 Presumably
524 1936 594 1968 this
610 1939 770 1967 sentence
788 1934 892 1965 refers
910 1939 946 1965 to
964 1944 1028 1965 ono
1045 1932 1144 1975 day's
1163 1932 1264 1963 work.

245 1979 257 1999 ⁶
280 1979 384 2010 what
406 1979 536 2011 follows
558 1980 592 2010 in
611 1979 626 2019 §
652 1979 714 2010 243
738 1977 766 2008 is
788 1976 918 2017 loosely
941 1975 1071 2017 quoted
1095 1985 1133 2007 or
1155 1973 1383 2017 paraphrased

197 2021 285 2054 from
301 2023 386 2055 Cato
402 2022 487 2054 RB.
506 2031 552 2053 cc.
572 2021 645 2056 XL.
663 2021 699 2057 L,
716 2019 880 2052 CXXXI.

202 2087 271 2123 342
