1486 2359
118 489 174 519 137

122 1070 178 1102 138

118 1724 177 1755 139

408 161 596 199 PLINY:
649 160 912 200 NATURAL
949 161 1186 199 HISTORY

204 272 245 303 et
271 266 449 303 Grac-eae
478 272 601 315 atque
629 271 845 302 castaneae
873 278 896 302 a
923 264 1004 302 kal.
1037 265 1194 302 Martiis
1218 264 1270 302 ad
1297 265 1385 303 idus

204 339 379 376 easdem.
397 338 504 375 <alic-i
523 345 564 375 et
583 341 764 387 genistae
783 341 886 375 circa
907 337 1076 374 Martias
1093 337 1172 374 kal.
1225 337 1327 376 hanc
1345 341 1385 375 in

204 414 313 448 siccis
335 414 498 455 semine,
519 411 625 448 illam
647 413 686 447 in
708 410 850 448 umidis
872 413 981 461 virga
1002 413 1078 448 seri
1098 410 1282 448 diximus.

254 484 324 520 Est
371 487 590 520 etiamnum
637 496 738 519 nova
786 483 985 520 inserendi
1031 486 1148 528 ratio,
1193 495 1244 520 ne
1290 483 1386 534 quid

204 559 328 593 sciens
356 556 516 606 quidem
543 561 798 605 praeteream
826 555 933 606 quod
959 569 1126 606 usquam
1152 558 1385 599 invenerim,

204 629 446 666 columellae
485 631 730 679 excogitata,
768 634 812 665 ut
849 628 1037 665 adfirmat
1074 631 1172 678 ipse,
1209 642 1288 679 qua
1324 628 1385 666 vel

204 702 382 739 diversae
402 700 731 751 ineociabilesque
748 701 933 738 arborum
954 707 1124 738 naturae
1137 701 1386 751 copulentur,

205 781 248 811 ut
272 775 331 811 fici
353 780 474 824 atque
496 773 622 810 oleae.
677 776 789 810 iuxta
812 772 914 811 hanc
936 776 1013 811 seri
1035 774 1151 810 ficum
1173 773 1286 811 iubet
1308 787 1386 811 non

205 847 394 896 ampliore
430 846 637 883 intervallo
672 860 793 896 quam
827 852 872 883 ut
906 849 1084 896 contingi
1118 846 1228 897 large
1262 849 1386 896 possit

204 933 314 956 ramo
335 919 447 955 oleae
470 932 590 969 quam
612 921 786 955 maxime
808 921 969 969 sequaci
991 925 1115 969 atque
1137 918 1387 963 oboeditum,

205 1005 376 1042 cumque
401 994 507 1028 omni
531 994 690 1028 interim
714 997 896 1041 tempore
921 991 1098 1029 edomari
1122 991 1387 1029 meditatione

204 1065 413 1107 curvandi3
456 1071 597 1113 postea
635 1064 708 1101 fico
745 1064 894 1114 adepta
932 1067 1046 1108 vires,
1084 1064 1191 1114 quod
1228 1067 1386 1102 evenire

206 1141 347 1174 trimae
372 1143 440 1174 aut
464 1138 603 1187 utique
626 1139 899 1187 quinquennii,
919 1137 1159 1174 detruncata
1179 1136 1386 1187 superficie

206 1214 332 1260 ipsum
360 1223 518 1260 quoque
544 1209 785 1259 deputatum
814 1215 870 1253 et,
897 1215 940 1246 ut
967 1209 1118 1246 dictum
1146 1215 1222 1253 est,
1246 1209 1387 1248 adraso

204 1286 408 1320 caoumine
433 1282 552 1332 defigi
577 1285 617 1319 in
640 1295 752 1319 crure
778 1282 853 1326 fici,
876 1282 1120 1319 custoditum
1150 1281 1312 1320 vinculis
1335 1294 1387 1320 ne

205 1362 414 1392 curvatura
429 1355 571 1402 fugiat.
626 1357 683 1391 ita
698 1355 870 1404 quodam
885 1357 1149 1405 propaginum
1163 1356 1387 1393 insitorum·

206 1442 283 1479 que
308 1433 629 1477 temperamento
654 1430 828 1464 triennio
852 1440 1103 1464 communem
1120 1427 1135 1450 ²
1159 1429 1266 1465 inter
1287 1427 1386 1466 duas

207 1506 353 1537 matres
401 1499 639 1543 coalescere,
683 1505 826 1549 quarto
870 1513 974 1537 anno
1017 1500 1212 1537 abscisum
1253 1505 1386 1538 totum

206 1572 433 1622 adoptantis
467 1586 566 1615 css-c,
598 1572 772 1609 nondum
807 1572 971 1622 vulgata
1003 1575 1158 1610 ratione
1189 1577 1260 1610 aut
1290 1571 1385 1610 mihi

205 1652 313 1683 certe
333 1648 429 1682 satis
449 1651 653 1695 conperta.

254 1717 402 1754 XXXI.
432 1717 577 1754 Cetero
602 1717 743 1754 eadem
767 1717 833 1754 illa
856 1717 907 1754 de
929 1717 1065 1755 calidis
1089 1717 1321 1768 frigidisque
1343 1723 1385 1756 et.

206 1790 347 1827 umidis
372 1796 439 1827 aut
466 1792 574 1827 siccis
599 1803 717 1840 supra
742 1790 850 1827 dicta
874 1792 976 1827 ratio
1002 1796 1042 1827 et
1067 1791 1224 1827 scrobes
1248 1789 1385 1828 fodere

206 1866 451 1900 monstravit.
513 1865 552 1899 in
584 1865 739 1912 aquosis
772 1865 877 1900 enim
910 1876 1040 1913 neque
1072 1862 1222 1912 amplos
1254 1875 1385 1914 neque

251 1966 258 1983 ¹
286 1965 459 2005 JMyhoff:
485 1964 657 1995 communi
673 1963 721 1995 cd.
739 1964 818 1996 Par.
837 1963 909 1995 Lae.
927 1964 1031 1995 6797:
1066 1974 1246 1996 commune
1261 1963 1331 1997 rell.

228 2097 251 2132 6
504 2055 517 2068 ¹
544 2050 581 2081 V.
603 2051 651 2083 ll.
673 2051 728 2086 13;
759 2050 798 2081 de
815 2050 893 2081 Arb.
913 2051 1006 2087 xxvi,
1024 2052 1054 2082 2.

204 2108 227 2144 9
