<?xml version="1.0" encoding="UTF-8"?>
<!DOCTYPE html PUBLIC "-//W3C//DTD XHTML 1.0 Transitional//EN"
    "http://www.w3.org/TR/xhtml1/DTD/xhtml1-transitional.dtd">
<html xmlns="http://www.w3.org/1999/xhtml" xml:lang="en" lang="en">
 <head>
  <title>
</title>
<meta http-equiv="Content-Type" content="text/html;charset=utf-8" />
  <meta name='ocr-system' content='tesseract 3.04.00' />
  <meta name='ocr-capabilities' content='ocr_page ocr_carea ocr_par ocr_line ocrx_word'/>
</head>
<body>
  <div class='ocr_page' id='page_1' title='image "./naturalhistory05plinuoft/naturalhistory05plinuoft_0262.png"; bbox 0 0 1486 2359; ppageno 0'>
   <div class='ocr_carea' id='block_1_1' title="bbox 166 312 206 342">
    <p class='ocr_par' dir='ltr' id='par_1_1' title="bbox 166 312 206 342">
     <span class='ocr_line' id='line_1_1' title="bbox 166 312 206 342; baseline 0 0"><span class='ocrx_word' id='word_1_1' title='bbox 166 312 206 342; x_wconf 90' lang='lat'>93</span> 
     </span>
    </p>
   </div>
   <div class='ocr_carea' id='block_1_2' title="bbox 167 761 207 792">
    <p class='ocr_par' dir='ltr' id='par_1_2' title="bbox 167 761 207 792">
     <span class='ocr_line' id='line_1_2' title="bbox 167 761 207 792; baseline 0.05 -2"><span class='ocrx_word' id='word_1_2' title='bbox 167 761 207 792; x_wconf 78' lang='lat'>94</span> 
     </span>
    </p>
   </div>
   <div class='ocr_carea' id='block_1_3' title="bbox 166 1147 208 1177">
    <p class='ocr_par' dir='ltr' id='par_1_3' title="bbox 166 1147 208 1177">
     <span class='ocr_line' id='line_1_3' title="bbox 166 1147 208 1177; baseline -0.024 0"><span class='ocrx_word' id='word_1_3' title='bbox 166 1147 208 1177; x_wconf 78' lang='lat'>95</span> 
     </span>
    </p>
   </div>
   <div class='ocr_carea' id='block_1_4' title="bbox 167 1534 207 1563">
    <p class='ocr_par' dir='ltr' id='par_1_4' title="bbox 167 1534 207 1563">
     <span class='ocr_line' id='line_1_4' title="bbox 167 1534 207 1563; baseline 0.05 -2"><span class='ocrx_word' id='word_1_4' title='bbox 167 1534 207 1563; x_wconf 71' lang='lat'>96</span> 
     </span>
    </p>
   </div>
   <div class='ocr_carea' id='block_1_5' title="bbox 440 138 1215 177">
    <p class='ocr_par' dir='ltr' id='par_1_5' title="bbox 440 138 1215 177">
     <span class='ocr_line' id='line_1_5' title="bbox 440 138 1215 177; baseline 0 -1"><span class='ocrx_word' id='word_1_5' title='bbox 440 139 632 177; x_wconf 78' lang='lat' dir='ltr'>PLINY:</span> <span class='ocrx_word' id='word_1_6' title='bbox 680 139 942 176; x_wconf 82' lang='lat' dir='ltr'>NATURAL</span> <span class='ocrx_word' id='word_1_7' title='bbox 979 138 1215 176; x_wconf 86' lang='lat' dir='ltr'>HISTORY</span> 
     </span>
    </p>
   </div>
   <div class='ocr_carea' id='block_1_6' title="bbox 232 239 1416 1700">
    <p class='ocr_par' dir='ltr' id='par_1_6' title="bbox 232 239 1416 1700">
     <span class='ocr_line' id='line_1_6' title="bbox 232 239 1412 292; baseline -0.001 -13"><span class='ocrx_word' id='word_1_8' title='bbox 232 241 383 292; x_wconf 88' lang='lat' dir='ltr'>olyram</span> <span class='ocrx_word' id='word_1_9' title='bbox 409 246 546 283; x_wconf 79' lang='lat' dir='ltr'>vocat3</span> <span class='ocrx_word' id='word_1_10' title='bbox 584 240 727 278; x_wconf 89' lang='lat' dir='ltr'>eadem</span> <span class='ocrx_word' id='word_1_11' title='bbox 751 243 791 276; x_wconf 89' lang='lat' dir='ltr'>in</span> <span class='ocrx_word' id='word_1_12' title='bbox 815 240 1006 290; x_wconf 84' lang='lat' dir='ltr'>Aegypto</span> <span class='ocrx_word' id='word_1_13' title='bbox 1029 239 1153 277; x_wconf 89' lang='lat' dir='ltr'>facilis</span> <span class='ocrx_word' id='word_1_14' title='bbox 1177 239 1412 292; x_wconf 86' lang='lat' dir='ltr'>fertilisque.</span> 
     </span>
     <span class='ocr_line' id='line_1_7' title="bbox 233 304 1414 355; baseline 0 -13"><span class='ocrx_word' id='word_1_15' title='bbox 233 306 293 342; x_wconf 83' lang='lat' dir='ltr'>far</span> <span class='ocrx_word' id='word_1_16' title='bbox 309 309 393 342; x_wconf 89' lang='lat' dir='ltr'>sine</span> <span class='ocrx_word' id='word_1_17' title='bbox 411 308 533 342; x_wconf 88' lang='lat' dir='ltr'>arista</span> <span class='ocrx_word' id='word_1_18' title='bbox 551 310 626 349; x_wconf 84' lang='lat' dir='ltr'>est,</span> <span class='ocrx_word' id='word_1_19' title='bbox 643 307 741 341; x_wconf 88' lang='lat' dir='ltr'>item</span> <span class='ocrx_word' id='word_1_20' title='bbox 759 304 887 354; x_wconf 68' lang='lat' dir='ltr'>siligo.</span> <span class='ocrx_word' id='word_1_21' title='bbox 906 311 1077 354; x_wconf 85' lang='lat' dir='ltr'>excepta</span> <span class='ocrx_word' id='word_1_22' title='bbox 1095 317 1200 355; x_wconf 88' lang='lat' dir='ltr'>quae</span> <span class='ocrx_word' id='word_1_23' title='bbox 1219 304 1414 343; x_wconf 90' lang='lat' dir='ltr'>Laconica</span> 
     </span>
     <span class='ocr_line' id='line_1_8' title="bbox 234 367 1414 420; baseline 0.001 -15"><span class='ocrx_word' id='word_1_24' title='bbox 234 369 469 419; x_wconf 82' lang='lat' dir='ltr'>appellatur.</span> <span class='ocrx_word' id='word_1_25' title='bbox 519 369 743 406; x_wconf 86' lang='lat' dir='ltr'>adiciuntur</span> <span class='ocrx_word' id='word_1_26' title='bbox 762 367 820 405; x_wconf 87' lang='lat' dir='ltr'>his</span> <span class='ocrx_word' id='word_1_27' title='bbox 840 381 990 419; x_wconf 85' lang='lat' dir='ltr'>genera</span> <span class='ocrx_word' id='word_1_28' title='bbox 1014 369 1172 406; x_wconf 87' lang='lat' dir='ltr'>bromos</span> <span class='ocrx_word' id='word_1_29' title='bbox 1199 375 1241 406; x_wconf 86' lang='lat' dir='ltr'>et</span> <span class='ocrx_word' id='word_1_30' title='bbox 1266 375 1414 420; x_wconf 87' lang='lat' dir='ltr'>tragos,</span> 
     </span>
     <span class='ocr_line' id='line_1_9' title="bbox 235 433 1413 484; baseline 0 -13"><span class='ocrx_word' id='word_1_31' title='bbox 235 440 402 471; x_wconf 86' lang='lat' dir='ltr'>externa</span> <span class='ocrx_word' id='word_1_32' title='bbox 432 436 578 477; x_wconf 89' lang='lat' dir='ltr'>omnia,</span> <span class='ocrx_word' id='word_1_33' title='bbox 609 433 658 469; x_wconf 86' lang='lat' dir='ltr'>ab</span> <span class='ocrx_word' id='word_1_34' title='bbox 690 435 843 470; x_wconf 84' lang='lat' dir='ltr'>oriente</span> <span class='ocrx_word' id='word_1_35' title='bbox 874 435 1057 470; x_wconf 84' lang='lat' dir='ltr'><strong>invectae</strong></span> <span class='ocrx_word' id='word_1_36' title='bbox 1087 446 1231 484; x_wconf 84' lang='lat' dir='ltr'>oryzae</span> <span class='ocrx_word' id='word_1_37' title='bbox 1261 433 1413 471; x_wconf 81' lang='lat' dir='ltr'>similia.</span> 
     </span>
     <span class='ocr_line' id='line_1_10' title="bbox 234 497 1415 548; baseline 0 -13"><span class='ocrx_word' id='word_1_38' title='bbox 234 497 345 547; x_wconf 85' lang='lat' dir='ltr'>tiphe</span> <span class='ocrx_word' id='word_1_39' title='bbox 364 504 406 535; x_wconf 84' lang='lat' dir='ltr'>et</span> <span class='ocrx_word' id='word_1_40' title='bbox 424 501 507 547; x_wconf 88' lang='lat' dir='ltr'>ipsa</span> <span class='ocrx_word' id='word_1_41' title='bbox 527 497 706 534; x_wconf 87' lang='lat' dir='ltr'>eiusdem</span> <span class='ocrx_word' id='word_1_42' title='bbox 725 503 786 534; x_wconf 84' lang='lat' dir='ltr'>est</span> <span class='ocrx_word' id='word_1_43' title='bbox 803 499 976 548; x_wconf 86' lang='lat' dir='ltr'>generis,</span> <span class='ocrx_word' id='word_1_44' title='bbox 995 510 1044 534; x_wconf 86' lang='lat' dir='ltr'>ex</span> <span class='ocrx_word' id='word_1_45' title='bbox 1063 511 1143 547; x_wconf 87' lang='lat' dir='ltr'>qua</span> <span class='ocrx_word' id='word_1_46' title='bbox 1161 497 1206 534; x_wconf 83' lang='lat' dir='ltr'>fit</span> <span class='ocrx_word' id='word_1_47' title='bbox 1223 499 1263 534; x_wconf 88' lang='lat' dir='ltr'>in</span> <span class='ocrx_word' id='word_1_48' title='bbox 1281 503 1415 535; x_wconf 83' lang='lat' dir='ltr'>nostro</span> 
     </span>
     <span class='ocr_line' id='line_1_11' title="bbox 234 561 1415 613; baseline 0 -14"><span class='ocrx_word' id='word_1_49' title='bbox 234 563 328 599; x_wconf 87' lang='lat' dir='ltr'>orbe</span> <span class='ocrx_word' id='word_1_50' title='bbox 359 575 491 612; x_wconf 84' lang='lat' dir='ltr'>oryza.</span> <span class='ocrx_word' id='word_1_51' title='bbox 545 562 652 611; x_wconf 87' lang='lat' dir='ltr'>apud</span> <span class='ocrx_word' id='word_1_52' title='bbox 683 561 858 598; x_wconf 87' lang='lat' dir='ltr'>Graecos</span> <span class='ocrx_word' id='word_1_53' title='bbox 889 567 951 598; x_wconf 85' lang='lat' dir='ltr'>est</span> <span class='ocrx_word' id='word_1_54' title='bbox 982 567 1024 598; x_wconf 79' lang='lat' dir='ltr'>et</span> <span class='ocrx_word' id='word_1_55' title='bbox 1054 574 1140 605; x_wconf 91' lang='lat' dir='ltr'>zea,</span> <span class='ocrx_word' id='word_1_56' title='bbox 1169 561 1415 613; x_wconf 80' lang='lat' dir='ltr'>traduntque</span> 
     </span>
     <span class='ocr_line' id='line_1_12' title="bbox 235 625 1416 676; baseline 0.001 -13"><span class='ocrx_word' id='word_1_57' title='bbox 235 640 323 663; x_wconf 81' lang='lat' dir='ltr'>eam</span> <span class='ocrx_word' id='word_1_58' title='bbox 341 640 386 663; x_wconf 88' lang='lat' dir='ltr'>ac</span> <span class='ocrx_word' id='word_1_59' title='bbox 403 625 558 675; x_wconf 81' lang='lat' dir='ltr'>tiplien,</span> <span class='ocrx_word' id='word_1_60' title='bbox 573 639 663 662; x_wconf 89' lang='lat' dir='ltr'>cum</span> <span class='ocrx_word' id='word_1_61' title='bbox 681 628 760 662; x_wconf 85' lang='lat' dir='ltr'>sint</span> <span class='ocrx_word' id='word_1_62' title='bbox 777 626 1013 676; x_wconf 83' lang='lat' dir='ltr'><strong>degeneres,</strong></span> <span class='ocrx_word' id='word_1_63' title='bbox 1029 625 1158 663; x_wconf 79' lang='lat' dir='ltr'>redire</span> <span class='ocrx_word' id='word_1_64' title='bbox 1175 625 1227 663; x_wconf 83' lang='lat' dir='ltr'>ad</span> <span class='ocrx_word' id='word_1_65' title='bbox 1242 625 1416 664; x_wconf 82' lang='lat' dir='ltr'>frumen-</span> 
     </span>
     <span class='ocr_line' id='line_1_13' title="bbox 234 690 1389 740; baseline 0 -12"><span class='ocrx_word' id='word_1_66' title='bbox 234 697 334 734; x_wconf 83' lang='lat' dir='ltr'>tum,</span> <span class='ocrx_word' id='word_1_67' title='bbox 350 693 380 727; x_wconf 90' lang='lat' dir='ltr'>si</span> <span class='ocrx_word' id='word_1_68' title='bbox 395 693 524 740; x_wconf 82' lang='lat' dir='ltr'>pistae</span> <span class='ocrx_word' id='word_1_69' title='bbox 539 696 737 734; x_wconf 86' lang='lat' dir='ltr'>serantur,</span> <span class='ocrx_word' id='word_1_70' title='bbox 753 703 825 727; x_wconf 92' lang='lat' dir='ltr'>nec</span> <span class='ocrx_word' id='word_1_71' title='bbox 841 693 1036 740; x_wconf 84' lang='lat' dir='ltr'>protinus,</span> <span class='ocrx_word' id='word_1_72' title='bbox 1051 690 1122 727; x_wconf 90' lang='lat' dir='ltr'>sed</span> <span class='ocrx_word' id='word_1_73' title='bbox 1136 692 1258 728; x_wconf 85' lang='lat' dir='ltr'>tertio</span> <span class='ocrx_word' id='word_1_74' title='bbox 1273 703 1389 728; x_wconf 87' lang='lat' dir='ltr'>anno.</span> 
     </span>
     <span class='ocr_line' id='line_1_14' title="bbox 286 753 1416 792; baseline 0 0"><span class='ocrx_word' id='word_1_75' title='bbox 286 754 395 792; x_wconf 86' lang='lat' dir='ltr'>XXI.</span> <span class='ocrx_word' id='word_1_76' title='bbox 424 755 570 792; x_wconf 86' lang='lat' dir='ltr'>Tritico</span> <span class='ocrx_word' id='word_1_77' title='bbox 611 753 707 791; x_wconf 85' lang='lat' dir='ltr'>nihil</span> <span class='ocrx_word' id='word_1_78' title='bbox 749 760 810 791; x_wconf 83' lang='lat' dir='ltr'>est</span> <span class='ocrx_word' id='word_1_79' title='bbox 850 753 1144 792; x_wconf 84' lang='lat' dir='ltr'>fertilius—hoc</span> <span class='ocrx_word' id='word_1_80' title='bbox 1185 757 1221 792; x_wconf 89' lang='lat' dir='ltr'>ei</span> <span class='ocrx_word' id='word_1_81' title='bbox 1262 754 1416 792; x_wconf 81' lang='lat' dir='ltr'>Natura</span> 
     </span>
     <span class='ocr_line' id='line_1_15' title="bbox 234 817 1416 870; baseline 0.001 -14"><span class='ocrx_word' id='word_1_82' title='bbox 234 820 374 856; x_wconf 76' lang='lat' dir='ltr'>tribuit</span> <span class='ocrx_word' id='word_1_83' title='bbox 394 822 582 869; x_wconf 88' lang='lat' dir='ltr'>quoniam</span> <span class='ocrx_word' id='word_1_84' title='bbox 602 831 650 856; x_wconf 91' lang='lat' dir='ltr'>eo</span> <span class='ocrx_word' id='word_1_85' title='bbox 668 821 844 855; x_wconf 81' lang='lat' dir='ltr'>maxime</span> <span class='ocrx_word' id='word_1_86' title='bbox 865 818 1000 856; x_wconf 85' lang='lat' dir='ltr'>alebat</span> <span class='ocrx_word' id='word_1_87' title='bbox 1019 817 1416 870; x_wconf 85' lang='lat' dir='ltr'>hominem—utpote</span> 
     </span>
     <span class='ocr_line' id='line_1_16' title="bbox 233 882 1416 934; baseline 0.001 -14"><span class='ocrx_word' id='word_1_88' title='bbox 233 897 323 920; x_wconf 90' lang='lat' dir='ltr'>cum</span> <span class='ocrx_word' id='word_1_89' title='bbox 349 897 369 920; x_wconf 90' lang='lat' dir='ltr'>e</span> <span class='ocrx_word' id='word_1_90' title='bbox 398 883 544 927; x_wconf 90' lang='lat' dir='ltr'>modio,</span> <span class='ocrx_word' id='word_1_91' title='bbox 567 886 598 920; x_wconf 94' lang='lat' dir='ltr'>si</span> <span class='ocrx_word' id='word_1_92' title='bbox 626 886 678 920; x_wconf 84' lang='lat' dir='ltr'>sit</span> <span class='ocrx_word' id='word_1_93' title='bbox 706 889 846 933; x_wconf 87' lang='lat' dir='ltr'>aptum</span> <span class='ocrx_word' id='word_1_94' title='bbox 875 883 1002 920; x_wconf 90' lang='lat' dir='ltr'>solum</span> <span class='ocrx_word' id='word_1_95' title='bbox 1031 883 1148 933; x_wconf 88' lang='lat' dir='ltr'>quale</span> <span class='ocrx_word' id='word_1_96' title='bbox 1178 885 1218 920; x_wconf 91' lang='lat' dir='ltr'>in</span> <span class='ocrx_word' id='word_1_97' title='bbox 1246 882 1416 934; x_wconf 85' lang='lat' dir='ltr'>Byzacio</span> 
     </span>
     <span class='ocr_line' id='line_1_17' title="bbox 235 947 1414 998; baseline 0.001 -14"><span class='ocrx_word' id='word_1_98' title='bbox 235 948 394 985; x_wconf 85' lang='lat' dir='ltr'>Africae</span> <span class='ocrx_word' id='word_1_99' title='bbox 414 961 570 997; x_wconf 89' lang='lat' dir='ltr'>campo,</span> <span class='ocrx_word' id='word_1_100' title='bbox 582 950 742 984; x_wconf 88' lang='lat' dir='ltr'>centeni</span> <span class='ocrx_word' id='word_1_101' title='bbox 759 950 1032 998; x_wconf 86' lang='lat' dir='ltr'>quinquageni</span> <span class='ocrx_word' id='word_1_102' title='bbox 1047 947 1168 985; x_wconf 87' lang='lat' dir='ltr'>modii</span> <span class='ocrx_word' id='word_1_103' title='bbox 1183 947 1414 986; x_wconf 86' lang='lat' dir='ltr'>reddantur.</span> 
     </span>
     <span class='ocr_line' id='line_1_18' title="bbox 235 1012 1416 1062; baseline 0.001 -13"><span class='ocrx_word' id='word_1_104' title='bbox 235 1015 340 1049; x_wconf 69' lang='lat' dir='ltr'>misit</span> <span class='ocrx_word' id='word_1_105' title='bbox 362 1025 410 1049; x_wconf 87' lang='lat' dir='ltr'>ex</span> <span class='ocrx_word' id='word_1_106' title='bbox 432 1025 479 1049; x_wconf 91' lang='lat' dir='ltr'>eo</span> <span class='ocrx_word' id='word_1_107' title='bbox 500 1012 584 1049; x_wconf 91' lang='lat' dir='ltr'>loco</span> <span class='ocrx_word' id='word_1_108' title='bbox 605 1012 694 1049; x_wconf 90' lang='lat' dir='ltr'>divo</span> <span class='ocrx_word' id='word_1_109' title='bbox 715 1012 899 1062; x_wconf 86' lang='lat' dir='ltr'>Augusto</span> <span class='ocrx_word' id='word_1_110' title='bbox 916 1017 1150 1062; x_wconf 86' lang='lat' dir='ltr'>procurator</span> <span class='ocrx_word' id='word_1_111' title='bbox 1169 1014 1252 1050; x_wconf 91' lang='lat' dir='ltr'>eius</span> <span class='ocrx_word' id='word_1_112' title='bbox 1271 1025 1320 1050; x_wconf 88' lang='lat' dir='ltr'>ex</span> <span class='ocrx_word' id='word_1_113' title='bbox 1339 1026 1416 1050; x_wconf 88' lang='lat' dir='ltr'>uno</span> 
     </span>
     <span class='ocr_line' id='line_1_19' title="bbox 234 1076 1416 1128; baseline 0.001 -15"><span class='ocrx_word' id='word_1_114' title='bbox 234 1079 476 1127; x_wconf 74' lang='lat' dir='ltr'>grano—vix</span> <span class='ocrx_word' id='word_1_115' title='bbox 505 1076 694 1114; x_wconf 85' lang='lat' dir='ltr'>credibile</span> <span class='ocrx_word' id='word_1_116' title='bbox 725 1076 976 1114; x_wconf 87' lang='lat' dir='ltr'>dictu—cccc</span> <span class='ocrx_word' id='word_1_117' title='bbox 1004 1079 1138 1126; x_wconf 86' lang='lat' dir='ltr'>paucis</span> <span class='ocrx_word' id='word_1_118' title='bbox 1167 1079 1295 1114; x_wconf 89' lang='lat' dir='ltr'>minus</span> <span class='ocrx_word' id='word_1_119' title='bbox 1329 1090 1416 1128; x_wconf 90' lang='lat' dir='ltr'>ger-</span> 
     </span>
     <span class='ocr_line' id='line_1_20' title="bbox 235 1140 1415 1191; baseline 0.001 -14"><span class='ocrx_word' id='word_1_120' title='bbox 235 1144 356 1185; x_wconf 86' lang='lat' dir='ltr'>mina,</span> <span class='ocrx_word' id='word_1_121' title='bbox 370 1147 612 1191; x_wconf 81' lang='lat' dir='ltr'>exstantque</span> <span class='ocrx_word' id='word_1_122' title='bbox 633 1141 683 1178; x_wconf 91' lang='lat' dir='ltr'>de</span> <span class='ocrx_word' id='word_1_123' title='bbox 700 1154 748 1178; x_wconf 87' lang='lat' dir='ltr'>ea</span> <span class='ocrx_word' id='word_1_124' title='bbox 768 1154 810 1177; x_wconf 90' lang='lat' dir='ltr'>re</span> <span class='ocrx_word' id='word_1_125' title='bbox 831 1140 1040 1190; x_wconf 84' lang='lat' dir='ltr'>epistulae.</span> <span class='ocrx_word' id='word_1_126' title='bbox 1079 1143 1186 1178; x_wconf 82' lang='lat' dir='ltr'>misit</span> <span class='ocrx_word' id='word_1_127' title='bbox 1206 1147 1248 1179; x_wconf 84' lang='lat' dir='ltr'>et</span> <span class='ocrx_word' id='word_1_128' title='bbox 1269 1140 1415 1179; x_wconf 89' lang='lat' dir='ltr'>Neroni</span> 
     </span>
     <span class='ocr_line' id='line_1_21' title="bbox 234 1205 1416 1256; baseline 0.001 -14"><span class='ocrx_word' id='word_1_129' title='bbox 234 1206 414 1242; x_wconf 79' lang='lat' dir='ltr'>similiter</span> <span class='ocrx_word' id='word_1_130' title='bbox 429 1218 541 1242; x_wconf 67' lang='lat' dir='ltr'>eccm(</span> <span class='ocrx_word' id='word_1_131' title='bbox 556 1205 723 1255; x_wconf 86' lang='lat' dir='ltr'>stipulas</span> <span class='ocrx_word' id='word_1_132' title='bbox 740 1218 790 1242; x_wconf 86' lang='lat' dir='ltr'>ex</span> <span class='ocrx_word' id='word_1_133' title='bbox 807 1219 885 1242; x_wconf 94' lang='lat' dir='ltr'>uno</span> <span class='ocrx_word' id='word_1_134' title='bbox 900 1219 1038 1256; x_wconf 84' lang='lat' dir='ltr'>grano.</span> <span class='ocrx_word' id='word_1_135' title='bbox 1092 1219 1182 1242; x_wconf 90' lang='lat' dir='ltr'>cum</span> <span class='ocrx_word' id='word_1_136' title='bbox 1197 1208 1416 1243; x_wconf 82' lang='lat' dir='ltr'>centesimo</span> 
     </span>
     <span class='ocr_line' id='line_1_22' title="bbox 235 1269 1416 1321; baseline 0.001 -14"><span class='ocrx_word' id='word_1_137' title='bbox 235 1270 394 1320; x_wconf 86' lang='lat' dir='ltr'>quidem</span> <span class='ocrx_word' id='word_1_138' title='bbox 417 1275 457 1307; x_wconf 85' lang='lat' dir='ltr'>et</span> <span class='ocrx_word' id='word_1_139' title='bbox 480 1269 666 1307; x_wconf 88' lang='lat' dir='ltr'>Leontini</span> <span class='ocrx_word' id='word_1_140' title='bbox 686 1269 841 1306; x_wconf 86' lang='lat' dir='ltr'>Siciliae</span> <span class='ocrx_word' id='word_1_141' title='bbox 861 1273 991 1319; x_wconf 91' lang='lat' dir='ltr'>campi</span> <span class='ocrx_word' id='word_1_142' title='bbox 1011 1269 1186 1307; x_wconf 85' lang='lat' dir='ltr'>fundunt</span> <span class='ocrx_word' id='word_1_143' title='bbox 1206 1270 1353 1321; x_wconf 89' lang='lat' dir='ltr'>aliique</span> <span class='ocrx_word' id='word_1_144' title='bbox 1373 1276 1416 1308; x_wconf 81' lang='lat' dir='ltr'>et</span> 
     </span>
     <span class='ocr_line' id='line_1_23' title="bbox 233 1333 1416 1385; baseline 0.001 -14"><span class='ocrx_word' id='word_1_145' title='bbox 233 1341 320 1371; x_wconf 85' lang='lat' dir='ltr'>tota</span> <span class='ocrx_word' id='word_1_146' title='bbox 360 1334 525 1371; x_wconf 87' lang='lat' dir='ltr'>Baetica</span> <span class='ocrx_word' id='word_1_147' title='bbox 563 1340 605 1371; x_wconf 83' lang='lat' dir='ltr'>et</span> <span class='ocrx_word' id='word_1_148' title='bbox 644 1337 683 1371; x_wconf 89' lang='lat' dir='ltr'>iu</span> <span class='ocrx_word' id='word_1_149' title='bbox 722 1337 857 1384; x_wconf 87' lang='lat' dir='ltr'>primis</span> <span class='ocrx_word' id='word_1_150' title='bbox 897 1335 1121 1385; x_wconf 84' lang='lat' dir='ltr'>Aegyptus.</span> <span class='ocrx_word' id='word_1_151' title='bbox 1175 1333 1416 1372; x_wconf 86' lang='lat' dir='ltr'>fertilissima</span> 
     </span>
     <span class='ocr_line' id='line_1_24' title="bbox 233 1398 1414 1449; baseline 0.002 -14"><span class='ocrx_word' id='word_1_152' title='bbox 233 1401 353 1436; x_wconf 84' lang='lat' dir='ltr'>tritici</span> <span class='ocrx_word' id='word_1_153' title='bbox 371 1412 521 1449; x_wconf 86' lang='lat' dir='ltr'>genera</span> <span class='ocrx_word' id='word_1_154' title='bbox 539 1412 738 1435; x_wconf 84' lang='lat' dir='ltr'>ramosum</span> <span class='ocrx_word' id='word_1_155' title='bbox 757 1412 803 1435; x_wconf 88' lang='lat' dir='ltr'>ac</span> <span class='ocrx_word' id='word_1_156' title='bbox 823 1398 930 1449; x_wconf 89' lang='lat' dir='ltr'>quod</span> <span class='ocrx_word' id='word_1_157' title='bbox 947 1401 1240 1449; x_wconf 86' lang='lat' dir='ltr'>centigranium</span> <span class='ocrx_word' id='word_1_158' title='bbox 1259 1405 1414 1437; x_wconf 89' lang='lat' dir='ltr'>vocant.</span> 
     </span>
     <span class='ocr_line' id='line_1_25' title="bbox 235 1463 1414 1512; baseline 0.001 -12"><span class='ocrx_word' id='word_1_159' title='bbox 235 1466 417 1500; x_wconf 87' lang='lat' dir='ltr'>inventus</span> <span class='ocrx_word' id='word_1_160' title='bbox 435 1470 495 1500; x_wconf 85' lang='lat' dir='ltr'>est</span> <span class='ocrx_word' id='word_1_161' title='bbox 511 1466 591 1500; x_wconf 85' lang='lat' dir='ltr'>iam</span> <span class='ocrx_word' id='word_1_162' title='bbox 608 1469 649 1500; x_wconf 89' lang='lat' dir='ltr'>et</span> <span class='ocrx_word' id='word_1_163' title='bbox 666 1476 807 1512; x_wconf 82' lang='lat' dir='ltr'>scapus</span> <span class='ocrx_word' id='word_1_164' title='bbox 825 1477 924 1500; x_wconf 89' lang='lat' dir='ltr'>unus</span> <span class='ocrx_word' id='word_1_165' title='bbox 940 1469 1104 1500; x_wconf 87' lang='lat' dir='ltr'>centum</span> <span class='ocrx_word' id='word_1_166' title='bbox 1120 1463 1227 1501; x_wconf 77' lang='lat' dir='ltr'>fabis</span> <span class='ocrx_word' id='word_1_167' title='bbox 1237 1469 1414 1501; x_wconf 87' lang='lat' dir='ltr'>onustus.</span> 
     </span>
     <span class='ocr_line' id='line_1_26' title="bbox 286 1527 1416 1573; baseline 0.002 -10"><span class='ocrx_word' id='word_1_168' title='bbox 286 1527 418 1564; x_wconf 81' lang='lat' dir='ltr'>XXII.</span> <span class='ocrx_word' id='word_1_169' title='bbox 451 1529 614 1564; x_wconf 82' lang='lat' dir='ltr'>Aestiva</span> <span class='ocrx_word' id='word_1_170' title='bbox 634 1527 837 1564; x_wconf 84' lang='lat' dir='ltr'>frumenta</span> <span class='ocrx_word' id='word_1_171' title='bbox 852 1527 1022 1565; x_wconf 85' lang='lat' dir='ltr'>diximus</span> <span class='ocrx_word' id='word_1_172' title='bbox 1037 1530 1237 1572; x_wconf 82' lang='lat' dir='ltr'>sesimam,</span> <span class='ocrx_word' id='word_1_173' title='bbox 1251 1527 1416 1573; x_wconf 90' lang='lat' dir='ltr'>milium,</span> 
     </span>
     <span class='ocr_line' id='line_1_27' title="bbox 234 1592 1414 1641; baseline 0.002 -13"><span class='ocrx_word' id='word_1_174' title='bbox 234 1595 429 1641; x_wconf 83' lang='lat' dir='ltr'>panicum.</span> <span class='ocrx_word' id='word_1_175' title='bbox 485 1595 627 1628; x_wconf 84' lang='lat' dir='ltr'>sesima</span> <span class='ocrx_word' id='word_1_176' title='bbox 659 1592 709 1628; x_wconf 82' lang='lat' dir='ltr'>ab</span> <span class='ocrx_word' id='word_1_177' title='bbox 742 1592 848 1629; x_wconf 80' lang='lat' dir='ltr'>Indis</span> <span class='ocrx_word' id='word_1_178' title='bbox 882 1594 1014 1636; x_wconf 78' lang='lat' dir='ltr'>venit3</span> <span class='ocrx_word' id='word_1_179' title='bbox 1055 1605 1105 1629; x_wconf 86' lang='lat' dir='ltr'>ex</span> <span class='ocrx_word' id='word_1_180' title='bbox 1134 1605 1183 1629; x_wconf 83' lang='lat' dir='ltr'>ea</span> <span class='ocrx_word' id='word_1_181' title='bbox 1212 1598 1254 1630; x_wconf 84' lang='lat' dir='ltr'>et</span> <span class='ocrx_word' id='word_1_182' title='bbox 1283 1592 1414 1630; x_wconf 91' lang='lat' dir='ltr'>oleum</span> 
     </span>
     <span class='ocr_line' id='line_1_28' title="bbox 233 1655 1414 1700; baseline 0.002 -8"><span class='ocrx_word' id='word_1_183' title='bbox 233 1656 406 1700; x_wconf 80' lang='lat' dir='ltr'>fa‹·iunt;</span> <span class='ocrx_word' id='word_1_184' title='bbox 453 1656 558 1693; x_wconf 90' lang='lat' dir='ltr'>colos</span> <span class='ocrx_word' id='word_1_185' title='bbox 597 1659 680 1693; x_wconf 89' lang='lat' dir='ltr'>eius</span> <span class='ocrx_word' id='word_1_186' title='bbox 716 1656 919 1693; x_wconf 84' lang='lat' dir='ltr'>candidus.</span> <span class='ocrx_word' id='word_1_187' title='bbox 986 1655 1075 1694; x_wconf 90' lang='lat' dir='ltr'>huic</span> <span class='ocrx_word' id='word_1_188' title='bbox 1112 1656 1238 1694; x_wconf 88' lang='lat' dir='ltr'>simile</span> <span class='ocrx_word' id='word_1_189' title='bbox 1276 1662 1338 1694; x_wconf 88' lang='lat' dir='ltr'>est</span> <span class='ocrx_word' id='word_1_190' title='bbox 1374 1660 1414 1695; x_wconf 91' lang='lat' dir='ltr'>in</span> 
     </span>
    </p>
   </div>
   <div class='ocr_carea' id='block_1_7' title="bbox 237 1790 1415 2047">
    <p class='ocr_par' dir='ltr' id='par_1_7' title="bbox 237 1790 1415 2047">
     <span class='ocr_line' id='line_1_29' title="bbox 279 1790 1410 1833; baseline 0.001 -11"><span class='ocrx_word' id='word_1_191' title='bbox 279 1796 293 1809; x_wconf 84' lang='lat'><em>⁰</em></span> <span class='ocrx_word' id='word_1_192' title='bbox 319 1791 469 1831; x_wconf 81' lang='lat' dir='ltr'>Perhaps</span> <span class='ocrx_word' id='word_1_193' title='bbox 493 1790 619 1822; x_wconf 76' lang='lat' dir='ltr'>bromoe</span> <span class='ocrx_word' id='word_1_194' title='bbox 644 1791 672 1822; x_wconf 81' lang='lat' dir='ltr'>is</span> <span class='ocrx_word' id='word_1_195' title='bbox 696 1801 717 1822; x_wconf 79' lang='lat' dir='ltr'>a</span> <span class='ocrx_word' id='word_1_196' title='bbox 743 1791 876 1832; x_wconf 78' lang='lat' dir='ltr'>variety</span> <span class='ocrx_word' id='word_1_197' title='bbox 901 1791 941 1822; x_wconf 86' lang='lat' dir='ltr'>of</span> <span class='ocrx_word' id='word_1_198' title='bbox 962 1794 1056 1828; x_wconf 57' lang='lat' dir='ltr'>natm</span> <span class='ocrx_word' id='word_1_199' title='bbox 1091 1795 1218 1833; x_wconf 79' lang='lat' dir='ltr'>tragos.</span> <span class='ocrx_word' id='word_1_200' title='bbox 1243 1791 1361 1832; x_wconf 83' lang='grc' dir='ltr'>τράγος</span> <span class='ocrx_word' id='word_1_201' title='bbox 1377 1806 1410 1818; x_wconf 84' lang='lat'>==</span> 
     </span>
     <span class='ocr_line' id='line_1_30' title="bbox 237 1833 1102 1875; baseline -0.001 -9"><span class='ocrx_word' id='word_1_202' title='bbox 237 1834 346 1874; x_wconf 76' lang='grc' dir='ltr'>ὄλυρα,</span> <span class='ocrx_word' id='word_1_203' title='bbox 365 1834 422 1865; x_wconf 75' lang='lat' dir='ltr'>the</span> <span class='ocrx_word' id='word_1_204' title='bbox 438 1834 534 1875; x_wconf 80' lang='lat' dir='ltr'>grain</span> <span class='ocrx_word' id='word_1_205' title='bbox 550 1844 570 1864; x_wconf 74' lang='lat' dir='ltr'>a</span> <span class='ocrx_word' id='word_1_206' title='bbox 597 1833 619 1865; x_wconf 93' lang='lat' dir='ltr'>d</span> <span class='ocrx_word' id='word_1_207' title='bbox 634 1837 751 1874; x_wconf 80' lang='lat' dir='ltr'>groats</span> <span class='ocrx_word' id='word_1_208' title='bbox 768 1834 806 1865; x_wconf 77' lang='lat' dir='ltr'>os</span> <span class='ocrx_word' id='word_1_209' title='bbox 819 1844 946 1864; x_wconf 86' lang='lat' dir='ltr'>emmer</span> <span class='ocrx_word' id='word_1_210' title='bbox 961 1834 1102 1865; x_wconf 77' lang='lat' dir='ltr'>wheate.</span> 
     </span>
     <span class='ocr_line' id='line_1_31' title="bbox 279 1877 858 1918; baseline 0 -10"><span class='ocrx_word' id='word_1_211' title='bbox 279 1877 291 1895; x_wconf 55' lang='grc' dir='ltr'><strong>ὸ</strong></span> <span class='ocrx_word' id='word_1_212' title='bbox 318 1878 381 1908; x_wconf 78' lang='lat' dir='ltr'>For</span> <span class='ocrx_word' id='word_1_213' title='bbox 397 1877 485 1917; x_wconf 77' lang='lat' dir='ltr'>tiphe</span> <span class='ocrx_word' id='word_1_214' title='bbox 501 1880 566 1908; x_wconf 77' lang='lat' dir='ltr'>etc.</span> <span class='ocrx_word' id='word_1_215' title='bbox 594 1887 648 1908; x_wconf 82' lang='lat' dir='ltr'>see</span> <span class='ocrx_word' id='word_1_216' title='bbox 664 1887 720 1918; x_wconf 91' lang='lat' dir='ltr'>pp.</span> <span class='ocrx_word' id='word_1_217' title='bbox 740 1878 824 1908; x_wconf 77' lang='lat'>242-</span> <span class='ocrx_word' id='word_1_218' title='bbox 828 1878 858 1908; x_wconf 84' lang='lat'>3.</span> 
     </span>
     <span class='ocr_line' id='line_1_32' title="bbox 279 1918 1415 1962; baseline 0.002 -11.073"><span class='ocrx_word' id='word_1_219' title='bbox 279 1922 341 1951; x_wconf 65' lang='lat'>‘⁴11</span> <span class='ocrx_word' id='word_1_220' title='bbox 348 1920 500 1961; x_wconf 76' lang='lat' dir='ltr'>xamples</span> <span class='ocrx_word' id='word_1_221' title='bbox 517 1921 617 1961; x_wconf 82' lang='lat' dir='ltr'>given</span> <span class='ocrx_word' id='word_1_222' title='bbox 634 1920 712 1951; x_wconf 84' lang='lat' dir='ltr'>here</span> <span class='ocrx_word' id='word_1_223' title='bbox 730 1929 810 1960; x_wconf 86' lang='lat' dir='ltr'>may</span> <span class='ocrx_word' id='word_1_224' title='bbox 828 1918 962 1951; x_wconf 85' lang='lat' dir='ltr'>include</span> <span class='ocrx_word' id='word_1_225' title='bbox 979 1920 1206 1962; x_wconf 70' lang='lat' dir='ltr'>exaggerated</span> <span class='ocrx_word' id='word_1_226' title='bbox 1226 1920 1360 1953; x_wconf 66' lang='lat' dir='ltr'>recorda</span> <span class='ocrx_word' id='word_1_227' title='bbox 1377 1921 1415 1953; x_wconf 78' lang='lat' dir='ltr'>of</span> 
     </span>
     <span class='ocr_line' id='line_1_33' title="bbox 237 1963 1410 2006; baseline 0.002 -12.033"><span class='ocrx_word' id='word_1_228' title='bbox 237 1963 328 1995; x_wconf 70' lang='lat' dir='ltr'>‘tillo</span> <span class='ocrx_word' id='word_1_229' title='bbox 322 1965 403 2003; x_wconf 47' lang='lat' dir='ltr'>ming</span> <span class='ocrx_word' id='word_1_230' title='bbox 433 1974 470 1994; x_wconf 88' lang='lat' dir='ltr'>or</span> <span class='ocrx_word' id='word_1_231' title='bbox 481 1963 685 2004; x_wconf 65' lang='lat' dir='ltr'>productioni</span> <span class='ocrx_word' id='word_1_232' title='bbox 696 1963 901 1995; x_wconf 79' lang='lat' dir='ltr'>ofnumbers</span> <span class='ocrx_word' id='word_1_233' title='bbox 911 1963 1039 1995; x_wconf 79' lang='lat' dir='ltr'>ofside-</span> <span class='ocrx_word' id='word_1_234' title='bbox 1043 1964 1161 1995; x_wconf 75' lang='lat' dir='ltr'>shoots</span> <span class='ocrx_word' id='word_1_235' title='bbox 1173 1964 1218 2005; x_wconf 85' lang='lat' dir='ltr'>by</span> <span class='ocrx_word' id='word_1_236' title='bbox 1226 1974 1290 1996; x_wconf 81' lang='lat' dir='ltr'>one</span> <span class='ocrx_word' id='word_1_237' title='bbox 1300 1964 1410 2006; x_wconf 72' lang='lat' dir='ltr'>plant.</span> 
     </span>
     <span class='ocr_line' id='line_1_34' title="bbox 277 2005 1096 2047; baseline 0.001 -10"><span class='ocrx_word' id='word_1_238' title='bbox 277 2006 292 2025; x_wconf 76' lang='lat'>‘¹</span> <span class='ocrx_word' id='word_1_239' title='bbox 317 2008 343 2038; x_wconf 84' lang='lat' dir='ltr'>A</span> <span class='ocrx_word' id='word_1_240' title='bbox 362 2006 606 2037; x_wconf 79' lang='lat' dir='ltr'>branch-eared</span> <span class='ocrx_word' id='word_1_241' title='bbox 623 2005 705 2038; x_wconf 78' lang='lat' dir='ltr'>kind</span> <span class='ocrx_word' id='word_1_242' title='bbox 722 2006 781 2038; x_wconf 88' lang='lat' dir='ltr'>of‘</span> <span class='ocrx_word' id='word_1_243' title='bbox 793 2006 953 2047; x_wconf 85' lang='lat' dir='ltr'>poulard&#39;</span> <span class='ocrx_word' id='word_1_244' title='bbox 973 2007 1096 2038; x_wconf 75' lang='lat' dir='ltr'>wheat.</span> 
     </span>
    </p>
   </div>
   <div class='ocr_carea' id='block_1_8' title="bbox 232 2070 301 2112">
    <p class='ocr_par' dir='ltr' id='par_1_8' title="bbox 232 2070 301 2112">
     <span class='ocr_line' id='line_1_35' title="bbox 232 2070 301 2112; baseline -0.014 -8"><span class='ocrx_word' id='word_1_245' title='bbox 232 2070 301 2112; x_wconf 80' lang='lat'>248</span> 
     </span>
    </p>
   </div>
  </div>
 </body>
</html>
