1486 2359
148 803 190 833 60

151 1289 186 1319 cl

152 1635 192 1666 62

410 136 606 175 PLINY:
657 136 922 174 NATURAL
957 135 1195 174 HISTORY

212 239 512 277 revivesceret.1
564 238 635 276 sed
663 238 865 288 quaedam
894 251 974 275 non
999 237 1116 275 aliter
1143 240 1395 288 proveniunt,

212 315 257 346 ut
278 315 507 352 castaneae,
530 308 752 357 iuglandes,
773 307 935 345 caeduis
958 307 1172 345 dumtaxat
1194 311 1395 358 exceptis;

214 384 255 416 et
285 381 436 415 semine
466 385 617 421 autem,
646 391 889 428 quamquam
921 376 1130 420 dissimili?
1158 390 1207 414 ea
1236 391 1394 428 quoque

213 461 316 499 quae
333 448 417 485 aliis
433 448 559 485 modis
575 454 775 491 seruntur,
790 453 835 484 ut
853 450 953 484 vites
970 453 1011 484 et
1029 446 1133 483 mala
1150 453 1273 497 atque
1289 449 1396 496 pira3

213 531 386 568 namque
416 517 474 555 his
499 531 569 568 pro
592 520 744 554 semine
769 517 944 560 nucleus,
968 530 1046 554 non
1071 522 1115 553 ut
1139 530 1257 566 supra
1281 517 1396 554 dictis

214 587 363 625 fructus
411 590 507 637 ipse.
562 593 604 624 et
651 586 818 637 mespila
865 589 1016 624 semine
1064 588 1169 623 nasci
1217 592 1395 636 possunt.

214 660 346 694 omnia
367 656 465 694 haec
485 657 601 694 tarda
623 663 820 706 proventu
840 669 886 694 ac
906 656 1197 706 degenerantia
1217 661 1260 694 et
1279 658 1397 694 insito

215 726 478 769 restituenda,
500 726 784 776 interdumque
807 729 931 763 etiam
954 732 1182 763 castaneae.

266 797 337 833 XI.
367 796 616 843 Quibusdam
627 802 765 833 contra
778 802 922 833 natura
933 795 948 819 ³
961 798 1121 832 omnino
1135 809 1213 832 non
1223 795 1397 846 degene-

215 867 329 903 randi
358 880 518 917 quoquo
547 866 666 903 modo
696 872 896 909 seruntur,
919 871 963 902 ut
994 868 1202 915 cupressis,
1225 865 1398 915 palmae,

216 935 563 986 lauris—namque
604 941 647 972 et
685 934 818 972 laurus
858 934 1035 984 pluribus
1074 934 1201 972 modis
1240 937 1396 972 seritur.

216 1018 366 1056 genera
393 1007 476 1042 eius
503 1005 686 1041 diximus,
742 1018 791 1041 ex
817 1003 876 1041 his
903 1005 1088 1055 Augusta
1115 1009 1156 1041 et
1182 1003 1329 1042 bacalis
1356 1010 1397 1041 et

216 1077 322 1112 tinus
353 1075 467 1112 simili
499 1074 617 1112 modo
647 1080 854 1112 seruntur:
887 1074 1014 1111 bacae
1045 1087 1182 1111 mense
1214 1073 1396 1112 Ianuario

217 1145 409 1195 aquilonis
437 1144 590 1182 adflatu
617 1147 792 1182 siccatae
820 1143 1009 1192 leguntur
1036 1143 1397 1195 expandunturque

217 1227 344 1258 rarae,
371 1227 421 1251 ne
449 1214 635 1251 calefiant
665 1225 828 1256 acervo;
869 1219 1012 1263 postea
1039 1213 1201 1263 quidam
1230 1213 1321 1251 fimo
1347 1214 1397 1251 ad

216 1290 344 1320 satum
372 1289 632 1333 praeparatas
656 1285 767 1320 urina
792 1282 1092 1326 madefaciunt3
1128 1282 1192 1320 alii
1223 1285 1262 1320 in
1283 1282 1399 1334 qualo

213 1353 380 1403 pedibus
401 1356 441 1390 in
455 1353 679 1403 profluente
693 1352 906 1390 deculcant
920 1352 1047 1390 donec
1063 1352 1270 1390 auferatur
1282 1355 1398 1398 cutis,

219 1436 321 1472 quae
351 1422 496 1474 alioqui
520 1422 668 1473 uligine
691 1422 907 1459 infestatur
931 1435 1004 1459 nec
1026 1424 1181 1472 patitur
1205 1421 1398 1472 partum.⁴

219 1494 257 1528 in
294 1492 400 1529 sulco
433 1494 679 1542 repastinato
716 1491 838 1542 palmi
873 1491 1085 1529 altitudine
1123 1494 1285 1529 vicenae
1313 1491 1397 1530 fere

219 1564 434 1598 acervatim
475 1561 693 1605 seruntur‚⁵
735 1574 872 1598 mense
917 1560 1078 1598 Martio.
1146 1561 1315 1599 eaedem
1355 1567 1398 1599 et

219 1634 450 1681 propagine,
473 1630 723 1680 triumphalis
746 1630 856 1667 talea
877 1637 1051 1668 tantum.
1104 1633 1226 1682 myrti
1248 1643 1398 1682 genera

218 1703 349 1736 omnia
366 1703 404 1737 in
422 1699 641 1750 Campania
657 1700 765 1737 bacis
782 1706 981 1744 seruntur,
998 1699 1148 1737 Romae
1164 1703 1397 1752 propagine.

311 1819 321 1838 ¹
353 1818 595 1858 ll'arminqeon:
620 1820 818 1850 vivesceret.

312 1863 324 1881 ²
347 1861 520 1892 dissimilia
537 1861 709 1902 Deelessen.

312 1905 324 1923 ³
348 1910 467 1936 contra
482 1908 631 1936 natura?
649 1904 806 1945 Mayhoss
816 1916 824 1935 :
849 1908 973 1935 natura
989 1908 1118 1936 contra.

311 1949 322 1966 ⁴
348 1952 484 1988 partum
502 1955 560 1987 (an
577 1949 743 1989 parturire
755 1951 784 1987 ⁴2)
799 1947 875 1979 add.
894 1947 1056 1988 Maylmff.

312 1991 322 2008 ⁵
347 1996 504 2022 seruntur
520 1991 571 2022 hic
589 1991 763 2032 Mayhoff:
788 1995 859 2032 post
874 1991 1069 2032 propagine.

216 2071 261 2105 42
