1486 2359
423 169 610 206 PLINY:
655 169 917 207 NATURAL
954 169 1190 207 HISTORY

266 273 376 310 LIII.
409 273 509 310 Sunt
538 273 737 323 quaedam
755 275 990 310 comitantia
1014 273 1179 310 aliorum
1204 278 1329 319 satus,
1351 279 1397 312 ut

215 339 411 377 papaver3
439 340 613 377 namque
632 341 723 364 cum
742 327 914 364 brassica
932 329 1077 364 seritur
1103 340 1149 365 ac
1171 327 1396 377 porcillaca,

129 385 187 416 los
215 387 256 417 et
276 394 393 418 eruca
419 394 510 417 cum
532 380 702 418 lactuca.
755 383 963 430 papaveris
985 383 1101 418 sativi
1122 383 1201 418 tria
1223 394 1396 432 genera:

213 434 442 478 candidum,
457 437 566 471 cuius
588 448 725 471 semen
739 440 891 471 tostum
910 437 950 471 in
964 434 1138 472 secunda
1153 447 1292 472 mensa
1304 448 1394 472 cum

213 487 330 525 melle
363 488 470 538 apud
499 490 682 538 antiquos
711 488 907 531 dabatur3
945 486 1018 525 hoc
1048 494 1090 524 et
1117 490 1230 538 panis
1259 491 1394 526 rustici

213 548 370 578 crustae
391 544 646 592 inspergitur,
667 541 808 579 adfuso
829 555 902 578 ovo
930 540 1155 585 inhaerens,
1175 541 1242 579 ubi
1261 541 1395 580 inferi-

213 608 322 632 orem
341 601 516 632 crustam
537 598 670 645 apium
689 598 831 646 gitque
851 595 1006 632 Cereali
1028 608 1169 645 sapore
1188 595 1392 633 condiunt.

213 648 385 686 alterum
420 662 546 700 genus
583 655 644 686 est
678 651 888 699 papaveris
924 651 1095 699 nigrum,
1129 651 1239 686 cuius
1274 661 1393 700 scapo

213 705 332 739 inciso
349 703 501 739 lacteus
519 716 633 740 sucus
653 705 859 752 excipitur.
913 705 1080 739 tertium
1096 715 1223 752 genus
1242 701 1392 740 rhoean

126 760 185 791 169
214 762 355 793 vocant
379 756 536 800 Graeci,
559 756 666 793 idem
686 757 700 780 ²
724 759 848 793 nostri
872 759 1108 799 erraticum;
1141 761 1284 806 sponte
1309 759 1393 807 qui-

211 809 317 853 dem,
353 810 425 847 sed
462 813 501 846 in
538 813 638 847 arm's
675 823 766 847 cum
803 809 952 847 hordeo
989 811 1164 846 maxime
1201 812 1390 854 nascitur,

213 876 354 900 erucae
369 863 510 907 simile,
524 863 687 901 cubitali
702 863 929 907 altitudine,
943 862 1038 900 flore
1053 862 1142 900 rufo
1157 868 1199 900 et
1213 866 1392 913 protinus

211 917 393 961 deciduo,
434 917 539 954 unde
581 923 624 954 et
664 929 810 954 nomen
851 930 874 953 a
915 916 1078 954 Graecis
1120 919 1287 967 accepit.
1341 917 1392 955 de

210 970 367 1021 reliquis
383 971 595 1022 generibus
611 973 818 1021 papaveris
835 976 977 1020 sponte
994 972 1198 1008 nascentis
1214 970 1392 1009 dicemus

211 1027 249 1060 in
285 1025 506 1062 medicinae
542 1025 638 1062 loco.
692 1024 812 1062 fuisse
849 1030 986 1062 autem
1021 1027 1062 1061 in
1096 1023 1245 1062 honore
1281 1024 1389 1074 apud

212 1078 408 1115 Romanos
425 1091 583 1128 semper
598 1078 741 1116 indicio
759 1084 820 1115 est
836 1077 1071 1129 Tarquinius
1089 1077 1305 1128 Superbus,
1322 1081 1390 1129 qui

210 1131 352 1181 legatis
383 1145 405 1168 a
436 1132 517 1169 filio
548 1134 675 1169 missis
705 1131 948 1170 decutiendo
976 1144 1177 1182 papavera
1206 1134 1246 1169 in
1276 1130 1392 1170 horto

207 1185 397 1223 altissima
429 1188 726 1236 sanguinarium
763 1185 860 1223 illud
892 1198 1125 1235 responsum
1157 1183 1232 1223 hac
1262 1184 1392 1224 facti2

207 1240 377 1290 ambage
398 1239 584 1277 reddidit.

121 1297 182 1328 170
259 1292 361 1330 LlV.
394 1293 540 1330 Rursus
575 1292 651 1330 alio
686 1295 880 1330 comitatu
916 1294 1170 1342 aequinoctio
1207 1295 1388 1330 autumni

208 1353 394 1384 seruntur
411 1346 676 1390 coriandrum,
695 1352 875 1390 anetum,
895 1345 1081 1396 atriplex,
1108 1344 1253 1390 malva,
1280 1345 1390 1396 lapa-

206 1399 336 1443 thum,
351 1400 623 1443 caerefolium,
643 1400 749 1450 quod
769 1399 988 1450 paederota
1009 1399 1152 1436 Graeci
1172 1405 1329 1444 vocant,
1347 1405 1389 1438 et

207 1457 442 1491 acerrimum
462 1467 602 1504 sapore
626 1456 813 1504 igneique
834 1452 998 1491 effectus
1019 1466 1064 1491 ac
1083 1452 1388 1491 saluberrimum

205 1511 356 1558 corpori
388 1511 529 1557 sinapi,
561 1507 669 1544 nulla
700 1507 870 1550 cultura,
902 1506 1044 1544 melius
1075 1511 1214 1544 tamen
1246 1505 1390 1557 planta

205 1560 375 1598 tralata:
409 1564 503 1612 quin
524 1575 544 1598 e
564 1561 717 1598 diverso
737 1563 801 1598 vix
821 1566 882 1598 est
900 1566 989 1598 sato
1007 1559 1131 1598 semel
1150 1573 1198 1598 eo
1217 1559 1387 1598 liberare

118 1618 174 1650 171
205 1615 346 1660 locum,
372 1618 558 1666 quoniam
584 1628 722 1652 semen
745 1614 892 1652 cadens
918 1617 1097 1664 protinus
1123 1616 1238 1652 viret.
1292 1627 1386 1652 usus

488 1720 499 1739 ¹
523 1719 611 1752 idem
631 1719 692 1758 (vel
706 1721 781 1757 ew?
800 1719 957 1761 Maylwff
968 1731 974 1750 :
1000 1718 1046 1751 ld.

486 1763 499 1783 ¹
521 1764 654 1795 tacita?
671 1763 742 1794 coll
760 1762 857 1795 Livio
874 1762 1037 1803 Mayhoff.

247 1904 356 1936 “The
393 1904 655 1947 ‘pomegranate
606 1854 806 1978 —poppy
819 1903 826 1915 ’
863 1903 1032 1944 (Papauer
1065 1902 1264 1944 hybridam).
1309 1903 1383 1936 The

201 1948 316 1979 writer
335 1958 499 1989 supposes
520 1948 580 1979 the
601 1947 688 1979 Gree
733 1950 892 2002 nameyo
917 1946 956 1979 be
977 1946 1119 1978 derived
1138 1946 1227 1979 from
1242 1947 1309 1988 ῥεῖν
1325 1950 1384 1997 ’.ιο

203 1991 601 2066 ιῗτῖἴῖῖοηῖὲιίδέἰξίῗω
618 1989 923 2076 ggiluml-›izosspie‹s†
943 1990 1020 2030 pale
1040 1989 1108 2022 and
1125 1989 1223 2029 ὁδώ)
1241 2000 1383 2033 poppae

205 2098 274 2143 528
