1486 2359
143 424 207 455 33¹»

144 1070 204 1101 331

146 1482 209 1513 332

441 195 629 233 PLINY:
673 193 936 232 NATURAL
972 192 1209 231 HISTORY

231 301 376 351 plagae
429 300 614 336 arborum
667 301 880 341 vitiumve3
945 296 1008 334 hic
1059 297 1173 334 oleae
1224 298 1417 333 timeatur

233 359 484 405 vergiliarum
516 357 744 408 quatriduo,
776 356 880 393 hunc
911 361 1055 393 caveat
1086 358 1225 392 insitor
1254 354 1416 392 calamis

233 420 481 468 gemmisque
515 416 748 452 inoculator.
803 415 853 452 de
886 417 971 464 ipsa
1004 416 1173 464 regionis
1206 415 1289 450 eius
1321 411 1417 449 hora

233 478 530 526 praemonuisse
568 477 793 511 conveniat.
849 473 1030 510 frondem
1070 472 1202 509 medio
1241 471 1320 515 die,
1358 484 1418 508 ar-

233 537 408 578 borator,
434 548 484 571 ne
510 533 682 571 caedito.
737 546 827 569 cum
854 531 1062 569 meridiem
1089 531 1228 568 adesse
1255 532 1417 574 senties,

233 600 381 644 pastor,
407 591 623 644 [aestate]¹
650 590 916 628 contrahente
941 604 983 627 se
1010 590 1165 634 umbra,
1191 588 1365 640 pecudes
1395 601 1417 625 a

232 653 313 689 sole
343 655 381 689 in
411 665 535 701 opaca
563 653 708 700 cogito,
761 664 853 687 cum
882 655 1040 686 aestate
1069 661 1223 699 pasces,
1252 650 1292 685 in
1319 649 1419 685 occi-

233 713 399 749 dentem
428 716 613 760 spectent
643 716 737 746 ante
768 708 989 751 meridiem,
1019 714 1110 758 post
1139 706 1350 744 meridiem
1378 709 1417 743 in

233 773 452 813 orientem3
502 769 619 805 aliter
655 771 831 811 noxium,
867 770 969 804 sicut
1005 766 1137 804 hieme
1174 772 1216 803 et
1253 778 1344 803 vere
1380 767 1419 802 in

234 829 481 866 rorulentum
537 827 707 864 educere
763 826 853 877 [nec
907 832 1048 862 contra
1103 827 1418 874 septentrionem

237 890 392 938 paveris
414 900 533 937 supra
555 885 723 936 dictum]
738 885 774 922 2:
797 885 962 922 clodunt
976 884 992 908 ³
1019 887 1078 921 ita
1097 884 1350 934 lippiuntque
1370 883 1421 920 ab

234 947 387 984 adflatu
403 953 445 983 et
459 946 546 982 alvo
559 948 640 982 cita
655 951 839 994 pereunt.
868 947 935 993 qui
949 943 1119 980 feminas
1133 945 1285 992 concipi
1301 941 1421 985 voles,

236 1009 274 1042 in
289 1005 392 1042 hunc
407 1011 572 1041 ventum
587 1009 819 1053 spectantes
834 1005 920 1039 iniri
933 1005 1079 1053 cogito.

287 1063 490 1101 LXXVII.
522 1063 704 1099 Diximus
731 1068 774 1098 ut
800 1065 839 1098 in
864 1061 998 1098 media
1022 1061 1117 1097 linia
1141 1060 1422 1110 designaretur

236 1124 454 1160 umbilicus.
509 1135 581 1172 per
601 1121 704 1157 hunc
725 1120 901 1157 medium
921 1126 1147 1157 transversa
1168 1125 1302 1156 currat
1322 1118 1421 1155 alia:

236 1182 334 1219 hacc
361 1184 436 1219 erit.
462 1181 512 1217 ab
540 1186 682 1217 exortu
710 1178 993 1229 aequinoctiali
1013 1178 1064 1216 ad
1084 1191 1266 1215 occasum
1288 1179 1422 1228 aequi—

236 1240 465 1284 noctialem,
486 1246 527 1276 et
548 1239 659 1275 limes
681 1241 747 1288 qui
769 1241 824 1274 ita
845 1238 997 1274 secabit
1018 1251 1158 1287 agrum
1178 1237 1422 1274 decumanus

237 1300 453 1337 vocabitur.
509 1298 709 1335 ducantur
749 1297 894 1333 deinde
937 1297 1038 1333 aliae
1080 1296 1183 1333 duae
1226 1295 1343 1332 liniae
1384 1296 1422 1332 in

236 1357 472 1396 decussem⁴
501 1357 701 1406 obliquae,
730 1359 786 1392 ita
817 1362 860 1392 ut
890 1356 940 1392 ab
969 1356 1253 1404 septentrionis
1279 1353 1423 1391 dextra

235 1417 429 1467 laevaque
450 1416 500 1453 ad
522 1418 645 1452 austri
664 1415 820 1451 laevam
840 1414 1108 1463 dextramque
1124 1414 1140 1437 ⁵
1161 1412 1422 1450 descendant.

235 1490 372 1513 omnes
399 1489 470 1525 per
496 1474 669 1512 eundem
695 1479 857 1510 currant
885 1473 1128 1516 umbilicum,
1154 1484 1291 1509 omnes
1317 1473 1423 1508 inter

237 1550 278 1572 se
308 1548 421 1584 pares
449 1537 542 1576 sint,
568 1536 745 1569 omnium
773 1531 982 1568 intervalla
1010 1534 1134 1581 paria.
1190 1543 1293 1581 quae
1320 1532 1423 1567 ratio

237 1594 360 1631 semel
393 1596 431 1629 in
463 1606 622 1643 quoque
654 1605 751 1640 agro
782 1591 957 1627 ineunda
989 1593 1065 1626 erit
1097 1589 1172 1633 vel,
1203 1592 1233 1625 si
1265 1591 1423 1639 saepius

238 1653 361 1689 libeat
390 1655 462 1695 uti,
489 1665 509 1687 c
538 1651 643 1700 ligno
670 1650 869 1691 facienda,
896 1649 1040 1699 regulis
1067 1649 1227 1698 paribus
1253 1650 1293 1684 in
1318 1653 1423 1698 tym-

236 1725 384 1761 panum
428 1713 616 1757 exiguum
659 1709 730 1745 sed
770 1711 1005 1745 circinatum
1047 1707 1212 1744 adactis.
1268 1709 1422 1743 ratione

309 1802 316 1818 ¹
343 1799 424 1831 Ναί.
444 1797 608 1838 Jhmyhoff.

309 1844 320 1861 ²
343 1841 446 1873 Gloss.
465 1841 535 1873 secl.
556 1840 718 1880 JInyhvff.

306 1886 318 1904 ³
345 1885 425 1916 lsdd.
445 1884 644 1922 (cluduntur
663 1882 829 1923 Mayhoff)
845 1894 851 1913 :
877 1881 1060 1913 eludantur
1076 1886 1133 1912 ant
1150 1880 1340 1912 clodantur.

305 1929 317 1947 ⁴
340 1929 516 1959 decusscm
541 1926 782 1964 li'arminqlon:
808 1924 958 1955 decussis
974 1928 1031 1956 aut
1050 1925 1126 1956 eim.

309 1970 321 1988 ⁵
347 1971 533 2002 Rackham:
558 1970 715 2000 dextram
732 1979 772 1999 ac
787 1968 930 1999 laevam.

619 2068 633 2082 ⁸
655 2062 738 2094 This
754 2062 780 2093 is
797 2066 858 2093 not
874 2061 932 2092 the
949 2072 1034 2093 case.

239 2127 309 2174 306
