1486 2359
119 608 178 638 106

119 1026 177 1056 107

118 1445 177 1475 108

414 149 602 186 PLINY:
655 149 918 186 NATURAL
955 148 1191 186 HISTORY

206 251 362 290 Parthis
377 255 535 289 invecto
549 264 668 301 quem
683 253 913 301 aquaticum
927 257 1070 288 vocant
1085 254 1271 301 quoniam
1285 265 1389 302 aqua

206 321 378 359 trahitur
408 321 459 358 ad
488 327 654 357 tenuem
685 326 727 357 et
757 323 1011 371 spongiosam
1041 322 1296 364 inanitatem,
1325 321 1389 358 alii

207 391 446 429 Parthicum.
501 404 655 427 summa
684 390 769 427 laus
798 389 964 441 siliginis
993 390 1176 427 bonitate
1205 396 1248 427 et
1274 391 1389 428 cribri

205 464 406 498 tenuitate
420 466 592 498 constat.
649 460 812 510 quidam
827 473 876 497 ex
890 462 972 497 ovis
986 465 1055 496 aut
1068 459 1173 497 lacte
1187 460 1390 510 subigunt,

205 532 350 581 butyro
374 544 466 567 vero
489 536 632 579 gentes
656 532 781 567 etiarn
804 535 992 579 pacatae,
1015 529 1066 567 ad
1089 532 1218 579 operis
1239 532 1389 580 pistorii

204 614 353 651 genera
373 606 609 637 transeunte
636 613 743 636 cura.
798 599 918 636 durat
945 612 1015 635 sua
1043 598 1188 636 Piceno
1214 602 1253 636 in
1278 602 1390 650 panis

206 674 434 707 inventione
467 672 600 720 gratia
635 683 685 706 ex
720 669 845 706 alicae
880 671 1074 712 materia3
1123 682 1215 706 eum
1249 683 1390 707 novem

202 741 342 778 diebus
367 745 614 777 maceratum
637 739 807 776 decumo
831 739 882 776 ad
907 741 1084 788 speciem
1107 744 1265 776 tractae
1287 740 1391 776 subi-

204 817 305 861 gunt
328 823 426 846 uvae
446 823 588 859 passae
609 823 716 852 suco,
736 814 878 858 postea
901 811 940 845 in
960 808 1083 845 furnis
1103 808 1187 845 ollis
1207 808 1391 854 inditum,

205 894 307 930 quae
330 885 566 929 rumpantur
587 879 654 923 ibi,
675 884 843 916 torrent.
900 892 1030 928 neque
1054 884 1115 915 est
1138 892 1188 915 ex
1211 891 1259 916 eo
1280 879 1391 916 cibus

205 953 277 987 nisi
294 949 539 993 madefacto,
557 949 663 998 quod
681 948 725 985 fit
741 948 847 986 lacte
865 951 1039 985 maxime
1056 947 1118 985 vel
1134 948 1272 986 mulso.

257 1019 447 1056 XXVIII.
479 1018 651 1055 Pistores
681 1018 833 1055 Romae
863 1032 942 1055 non
969 1017 1082 1055 fuere
1110 1018 1162 1055 ad
1191 1017 1391 1056 Persicum

206 1103 329 1139 usque
347 1088 495 1125 bellum
513 1091 624 1125 annis
643 1088 692 1124 ab
712 1088 808 1129 urbe
828 1087 989 1125 condita
1009 1100 1128 1138 super
1150 1099 1285 1125 DLXXX.
1319 1090 1390 1138 ipsi

203 1173 349 1209 panem
391 1159 595 1195 faciebant
639 1157 829 1204 Quirites,
872 1157 1165 1208 mulierumque
1208 1157 1249 1195 id
1290 1171 1389 1208 opus

204 1232 376 1266 maxime
402 1235 502 1269 erat.
526 1231 627 1265 sicut
652 1231 775 1264 etiam
800 1241 903 1264 nunc
927 1230 967 1264 in
990 1227 1169 1277 plurimis
1196 1230 1391 1279 gentium.

204 1305 384 1349 artoptas
407 1301 485 1334 iani
512 1298 676 1334 Plautus
700 1297 880 1347 appellat
903 1300 942 1334 in
965 1297 1103 1334 fabula
1125 1310 1246 1348 quam
1270 1297 1393 1335 Aulu-

203 1369 341 1405 lariam
368 1371 578 1417 inscripsit,
603 1381 750 1417 magna
775 1368 825 1404 ob
854 1367 894 1405 id
927 1370 1227 1405 concertatione
1261 1368 1374 1406 erudi

204 1446 334 1475 torum
352 1452 402 1474 an
419 1441 449 1474 is
464 1451 598 1474 versus
615 1443 762 1487 poetae
776 1440 827 1474 sit
843 1437 960 1481 illius,
973 1436 1268 1489 certumquessfit
1282 1438 1389 1475 Ateii

205 1508 412 1558 Capitonis
452 1510 654 1544 sententia
694 1521 807 1544 cocos
846 1513 934 1544 tum
973 1519 1120 1557 panem
1157 1507 1390 1546 lautioribus

205 1592 376 1628 coquere
400 1577 550 1620 solitos,
574 1579 823 1627 pistoresque
845 1582 1007 1614 tantum
1030 1590 1097 1614 eos
1120 1579 1187 1628 qui
1208 1576 1270 1614 far
1290 1579 1391 1628 pise-

204 1648 303 1685 bant
321 1650 546 1684 nominatos
560 1659 568 1690 ;
599 1660 673 1684 nec
689 1660 802 1684 cocos
820 1659 913 1684 vero
929 1645 1136 1684 habebant
1151 1649 1192 1684 in
1208 1649 1390 1691 servitiis,

206 1731 354 1768 eosque
382 1730 431 1754 ex
459 1716 627 1754 macello
653 1717 944 1754 conducebant.
999 1717 1215 1754 cribrorum
1241 1730 1391 1768 genera

206 1786 362 1824 Galliae
387 1800 436 1824 ex
460 1788 584 1824 saetis
608 1799 801 1837 equorum
825 1788 1027 1830 invenere,
1051 1785 1245 1836 Hispania
1267 1799 1289 1824 e
1312 1785 1391 1825 lino

250 1938 264 1951 ⁸
288 1933 359 1964 The
375 1932 481 1964 Third
498 1932 722 1964 Macedonian
736 1932 827 1968 War,
848 1933 997 1963 171-168
1012 1940 1076 1964 nc.

209 2018 231 2049 b
255 1976 273 2049 ἰ
292 1976 434 2008 Plautus
459 1986 537 2007 uses
562 1975 631 2007 this
654 1975 748 2008 word
773 1974 824 2007 for
854 1974 989 2013 millers‚
1016 1974 1079 2006 but
1109 1973 1196 2007 later
1223 1974 1251 2006 it
1274 1978 1391 2009 meant.

233 2029 252 2048 ἢ
266 2030 340 2050 '91‘ss-

207 2082 276 2128 256
