1486 2359
164 710 200 739 {31

187 1030 204 1059 ιν

164 1033 193 1059 (5¹

164 1298 204 1327 «53

437 173 627 210 PLINY:
671 173 934 210 NATURAL
971 172 1208 210 HISTORY

233 279 399 319 misceri,
424 279 526 313 areis
552 276 741 325 distingui
771 289 920 326 easque
949 279 1141 325 resupinis
1167 276 1414 326 pulvinorum

231 334 340 373 toris,
380 331 519 366 ambiri
559 330 736 380 singulas
775 333 983 367 tramitum
1024 329 1139 367 sulcis
1179 344 1259 380 qua
1297 330 1416 368 detur

231 396 411 421 accessus
431 383 581 420 homini
600 383 874 433 scatebrisque
893 384 1096 421 decursus.

282 436 394 474 XXI.
428 437 473 473 In
507 436 630 474 hortis
664 439 913 474 nascentium
953 436 1029 473 alia
1062 436 1185 474 bulbo
1217 450 1415 474 commen-

231 491 392 534 dantur,
407 490 483 526 alia
503 493 650 539 capite,
668 489 745 526 alia
764 489 893 534 caule,
911 489 989 526 alia
1009 489 1116 534 folio,
1134 489 1214 527 alia
1232 496 1416 540 utroque,

232 544 308 580 alia
327 546 492 587 semine,
505 543 582 580 alia
596 543 846 594 cartilagine,
865 543 943 580 alia
963 556 1097 588 carne,
1114 543 1210 580 aut1
1231 549 1416 594 utroque,

232 598 307 633 alia
349 599 496 634 cortice
538 603 608 634 aut
649 602 742 634 cute
785 603 828 634 et
869 597 1122 647 cartilagine,
1158 596 1237 634 alia
1272 599 1416 635 tunicis

231 653 416 687 carnosis.

283 703 416 741 XXII.
450 703 627 740 Aliorum
660 703 811 740 fructus
845 706 884 740 in
920 710 1027 740 terra
1060 710 1136 747 est,
1168 703 1335 740 aliorum
1371 710 1412 741 et

233 765 362 800 extra,
407 757 570 793 aliorum
617 770 695 793 non
738 759 809 794 nisi
856 763 984 794 extra.
1039 757 1239 807 quaedam
1283 759 1416 795 iacent

231 817 508 861 crescuntque,
533 817 577 847 ut
605 811 811 847 cucurbita
840 817 883 847 et
911 813 1107 854 cucumis3
1147 811 1290 848 eadem
1319 824 1413 861 pen-

231 865 343 907 dent,
373 877 616 915 quamquam
646 867 828 914 graviora
857 864 983 901 multo
1011 867 1136 901 etiam
1165 867 1208 901 iis
1237 877 1341 915 quae
1375 867 1415 901 in

232 919 436 954 arboribus
453 921 686 968 gignuntur,
702 918 773 955 sed
792 920 966 955 cucumis
981 917 1217 968 cartilagine
1234 924 1277 955 et
1295 931 1415 956 carne

230 977 403 1015 constat,
423 971 628 1008 cucurbita
649 974 796 1008 cortice
817 977 858 1008 et
879 971 1137 1021 cartilagine;
1168 977 1307 1009 cortex
1326 970 1416 1009 huic

234 1028 299 1061 uni
329 1027 565 1061 maturitate
594 1027 737 1061 transit
768 1027 806 1061 in
836 1025 999 1074 lignum.
1053 1030 1162 1062 terra
1189 1025 1415 1063 conduntur

232 1078 395 1127 raphani
431 1081 604 1128 napique
637 1084 679 1114 et
719 1091 829 1127 rapa,
859 1084 982 1128 atque
1015 1078 1092 1115 alio
1123 1078 1240 1116 modo
1270 1078 1417 1122 inulae,

231 1135 340 1175 siser,
379 1135 623 1180 pastinacae.
691 1131 892 1181 quaedam
933 1132 1160 1169 vocabimus
1201 1131 1417 1176 ferulacea,

233 1191 277 1222 ut
315 1191 495 1225 anetum,
533 1185 705 1228 malvas;
750 1198 924 1235 namque
959 1185 1127 1222 tradunt
1162 1191 1344 1223 auctores
1376 1188 1415 1223 in

233 1239 411 1275 Arabia2
443 1238 591 1275 malvas
623 1244 808 1287 septumo
842 1251 978 1275 mense
1012 1239 1264 1276 arborescere
1297 1239 1416 1276 bacu-

234 1292 439 1342 lorumque
462 1306 574 1328 usum
596 1293 803 1341 praebere.
844 1292 1029 1342 exemplo
1049 1298 1111 1329 est
1131 1293 1248 1329 arbor
1262 1292 1415 1330 malvae

233 1349 271 1382 in
295 1345 552 1382 Mauretania
576 1345 663 1382 Lixi
679 1345 813 1395 oppidi
831 1346 1125 1390 aestuari0,ubi
1148 1345 1415 1396 Hesperidum

232 1398 335 1436 horti
364 1398 483 1436 fuisse
513 1399 749 1448 produntur,
770 1412 813 1435 cc
840 1399 1020 1448 passibus
1047 1399 1097 1436 ab
1123 1412 1273 1437 oceano
1301 1402 1414 1438 iuxta

231 1452 442 1489 delubrum
477 1452 658 1489 Herculis
691 1455 897 1502 antiquius
933 1452 1150 1496 Gaditano,
1182 1459 1226 1490 ut
1259 1452 1415 1490 ferunt:

233 1509 316 1555 ipsa
355 1506 576 1542 altitudinis
614 1506 762 1555 pedum
796 1518 858 1549 xx,
887 1506 1157 1543 crassitudinis
1191 1519 1311 1556 quam
1344 1509 1415 1544 cir-

230 1559 442 1609 cumplecti
474 1572 591 1596 nemo
619 1562 754 1609 possit.
811 1562 850 1596 in
878 1559 993 1596 simili
1022 1572 1171 1610 genere
1200 1559 1414 1597 habebitur

231 1619 274 1650 et
310 1613 511 1650 cannabis.
568 1625 640 1649 nec
678 1626 756 1649 non
791 1618 834 1650 et
866 1626 1032 1650 carnosa
1070 1613 1202 1664 aliqua
1241 1613 1414 1664 appella-

283 1723 295 1742 ²
321 1722 479 1762 Mssyhoff
490 1735 497 1753 ε
523 1732 655 1753 carnea.

236 1765 712 1844 mgbffingaffigliggssllayywff
731 1764 801 1797 Con·
828 1765 989 1806 Thwphr·
1014 1767 1061 1807 (in
1087 1766 1214 1798 Arabia
1231 1767 1348 1807 fictum
1375 1778 1414 1800 α

272 1964 286 1978 ·
309 1959 402 1991 Siser
421 1969 500 1999 may
526 1958 566 1990 be
590 1958 649 1990 the
671 1959 822 2000 pai-snip.
870 1959 1052 1991 Pastinum
1071 1959 1250 2002 originally
1265 1960 1411 1993 denoted

235 2003 294 2035 the
312 2007 435 2039 carrot,
456 2002 516 2033 but
534 2012 628 2033 came
644 2006 682 2032 to
699 2001 833 2033 include
849 2001 921 2032 also
935 2002 996 2033 the
1013 2004 1162 2044 pamnip.

272 2046 284 2064 ⁶
302 2046 436 2077 Mallow
454 2046 516 2077 has
533 2055 576 2076 no
593 2045 740 2077 relation
757 2049 795 2076 to
811 2055 879 2086 any
893 2045 992 2077 other
1003 2045 1120 2087 plante
1132 2047 1166 2078 in
1178 2045 1248 2078 this
1260 2046 1412 2088 chapter.

229 2108 301 2152 460
