1486 2359
144 848 184 879 73

143 1773 183 1803 75

412 150 578 187 PLINY
596 164 605 187 ε
653 149 917 188 NATURAL
954 149 1193 188 HISTORY

210 266 396 289 maxume
433 252 595 302 quidem
631 265 750 302 oryza
786 252 981 299 gaudent,
1018 265 1067 289 ex
1104 265 1184 303 qua
1218 255 1392 290 tisanam

209 312 420 348 conficiunt
444 324 563 361 quam
586 311 725 361 reliqui
749 311 937 347 mortales
960 324 1009 347 ex
1031 309 1194 348 hordeo.
1249 324 1394 362 oryzae

210 370 301 406 folia
343 383 522 413 carnosa,
563 383 679 419 porro
723 369 862 406 similia
906 369 976 406 sed
1018 369 1176 413 latiora,
1219 370 1392 408 altitudo

209 428 405 472 cubitalis,
417 428 486 465 flos
498 441 734 478 purpureuS,
746 428 857 465 radix
869 441 1081 478 gemmeae
1093 428 1106 451 ¹
1119 429 1392 467 rotunditatis.

260 487 367 524 XIV.
397 488 728 537 Antiquissimum
783 490 822 523 in
874 487 970 524 cibis
1025 486 1232 531 hordeum,
1284 489 1387 526 sicut

211 546 516 583 Atheniensium
555 549 633 583 ritu
675 545 900 583 Menandro
939 552 1102 583 auctore
1141 552 1311 596 apparet
1350 552 1392 584 et

209 605 475 655 gladiatorum
514 607 749 654 cognomine
790 607 857 655 qui
896 603 1093 642 hordearii
1134 605 1391 643 vocabantur.

210 664 413 713 polentam
451 677 611 714 quoque
649 663 792 700 Graeci
830 677 909 700 non
946 663 1106 701 aliunde
1142 663 1391 713 praeferunt.

210 723 385 772 pluribus
427 723 471 759 fit
511 721 611 760 haec
652 723 800 760 modis:
856 722 1001 760 Graeci
1042 721 1248 773 perfusum
1289 736 1394 774 aqua

211 781 403 818 hordeum
415 784 565 818 siccant
580 787 698 819 nocte
713 794 792 818 una
806 794 852 818 ac
866 787 1026 830 postero
1040 781 1105 818 die
1119 780 1288 831 frigunt,
1303 782 1395 819 dein

210 843 321 879 molis
338 842 543 893 frangunt.
597 849 690 880 sunt
709 845 775 893 qui
794 842 1074 880 vehementius
1090 848 1244 880 tostum
1261 856 1394 881 rursus

211 908 356 955 exigua
371 918 475 955 aqua
491 905 734 956 adspergant
751 910 793 941 et
807 907 956 941 siccent
971 907 1078 955 prius
1093 918 1215 955 quam
1230 905 1394 943 molant.

210 966 274 1002 alii
299 980 392 1003 vero
417 967 635 1003 virentibus
660 969 775 1016 spicis
801 966 1011 1003 decussum
1037 965 1231 1004 hordeum
1257 980 1394 1005 recens

211 1034 383 1078 purgant
427 1028 712 1079 madidumque
756 1030 797 1064 in
839 1028 919 1078 pila
961 1028 1140 1065 tundunt
1182 1033 1306 1079 atque
1349 1031 1389 1066 in

209 1090 391 1127 corbibus
420 1090 559 1127 eluunt
587 1104 632 1127 ac
659 1093 851 1127 siccatum
879 1089 960 1127 sole
988 1103 1120 1127 rursus
1146 1090 1326 1128 tundunt
1353 1097 1396 1128 et

210 1158 425 1201 purgatum
448 1152 615 1189 molunt.
671 1165 923 1202 quocumque
947 1157 1085 1189 autem
1107 1164 1257 1202 genere
1280 1165 1395 1202 prae-

209 1219 350 1263 parato
382 1216 528 1250 vicenis
563 1213 700 1251 hordei
734 1213 840 1250 libris
873 1220 1009 1251 ternas
1046 1216 1207 1251 seminis
1245 1213 1313 1251 lini
1351 1220 1395 1252 et

208 1275 402 1312 coriandri
415 1275 601 1312 selibram
614 1276 786 1326 salisque
800 1275 1071 1320 acetabulum,
1083 1281 1284 1313 torrentes
1299 1282 1394 1314 ante

210 1339 356 1380 omnia,
381 1340 548 1374 miscent
574 1340 613 1374 in
638 1337 755 1374 mola.
811 1340 878 1388 qui
903 1337 1050 1375 diutius
1075 1336 1213 1374 volunt
1236 1350 1394 1375 servare

208 1412 299 1436 cum
316 1398 462 1449 polline
481 1413 526 1437 ac
543 1399 759 1436 furfuribus
776 1402 855 1436 suis
872 1399 1050 1437 condunt
1068 1401 1177 1437 novis
1196 1398 1392 1437 fictilibus.

210 1459 328 1497 Italia
361 1463 446 1498 sine
480 1460 707 1511 perfusione
732 1467 894 1498 tostum
929 1463 969 1498 in
1002 1460 1191 1498 subtilem
1224 1460 1393 1498 farinam

209 1522 335 1566 molit,
354 1522 479 1559 isdem
500 1523 645 1560 additis
665 1529 788 1573 atquc
809 1526 931 1559 etiam
952 1523 1070 1560 milio.

260 1584 344 1620 XV.
374 1584 525 1621 Panem
545 1598 594 1622 ex
613 1583 762 1622 hordeo
781 1587 954 1635 antiquis
974 1587 1167 1622 usitatum
1187 1587 1269 1622 vita
1283 1584 1393 1623 dam-

210 1648 333 1690 navit,
362 1646 734 1696 quadripedumque
762 1646 845 1683 fere
874 1647 983 1683 cibus
1015 1653 1091 1691 est,
1119 1659 1210 1684 cum
1237 1649 1393 1684 tisanae

209 1707 301 1744 inde
329 1721 422 1745 usus
450 1708 709 1745 validissimus
737 1708 1101 1758 saluberrimusque
1127 1714 1245 1745 tanto
1271 1721 1391 1759 opere

209 1769 422 1818 probetur:
488 1783 610 1806 unum
656 1769 838 1807 laudibus
886 1773 968 1807 eius
1015 1770 1200 1807 volumen
1245 1769 1392 1808 dicavit

640 1853 650 1870 ¹
683 1852 742 1884 121.
756 1865 762 1883 :
787 1854 953 1894 geminae.

249 1979 263 1992 ⁶
287 1974 315 2005 A
340 1974 432 2014 prize
455 1973 493 2005 of
515 1973 631 2015 harley
645 1984 715 2005 was
737 1974 837 2014 given
853 1978 891 2005 to
906 1974 1033 2006 victora
1056 1974 1091 2006 in
1113 1974 1173 2006 tho
1196 1974 1390 2007 Eleusinian

207 2027 331 2054 names.
379 2017 449 2048 'she
468 2027 607 2057 passage
625 2017 768 2048 referred
786 2022 822 2048 to
840 2018 874 2048 in
890 2017 1076 2049 Menander
1091 2017 1119 2048 is
1136 2022 1197 2049 not
1213 2021 1346 2050 extant.

208 2079 276 2125 236
