1486 2359
160 806 223 837 210

162 1432 220 1462 211

454 151 646 189 PLINY:
693 152 956 189 NATURAL
993 150 1228 189 HISTORY

248 255 417 293 cendam
451 256 658 304 praecipit,
691 254 909 291 admonens
941 253 1231 291 observandum
1263 252 1431 304 frigidae

249 332 410 369 Saturni
427 331 569 369 stellae
586 335 814 369 transitum.
859 338 951 368 sunt
968 334 1034 382 qui
1049 333 1312 368 certissimum
1331 333 1430 367 veris

249 411 437 448 indicium
494 410 751 454 arbitrentur,
805 410 856 447 ob
912 410 1184 446 infirmitatem
1241 408 1432 451 animalis,

248 488 490 539 papiliones;
527 487 598 525 sed
615 488 629 511 1
653 501 700 525 eo
723 491 809 537 ipso
831 501 936 525 anno
959 501 1048 525 cum
1073 493 1434 524 commentaremur

249 566 349 603 haec
387 572 571 603 notatum
611 572 673 603 est
710 572 949 616 proventum
989 578 1125 602 eorum
1163 572 1226 603 ter
1263 567 1434 615 repetito

250 644 398 695 frigore
428 647 667 688 extinctum,
690 644 945 694 advenasque
968 643 1144 680 volucres
1166 657 1202 680 a.
1225 643 1264 681 d.
1287 655 1326 680 Vl
1355 643 1433 680 kal.

251 723 366 760 Febr.
402 736 514 773 spem
550 725 651 760 veris
686 722 877 759 adtulisse
912 736 1006 759 mox
1041 724 1270 759 saevissima
1304 721 1434 758 hieme

249 800 551 838 conflictatam.²
605 813 667 838 res
689 813 856 850 anceps:
893 803 1063 850 primum
1085 803 1261 837 omnium
1284 813 1307 836 a
1326 800 1436 837 caelo

251 882 337 929 peti
353 879 500 930 legem,
515 879 661 916 deinde
678 892 767 916 eam
785 881 1031 929 argumentis
1049 892 1134 916 esse
1151 878 1434 929 quaerendam.

253 971 372 1007 super
410 960 543 994 omnia
582 963 644 994 &et
682 957 820 994 mundi
863 959 1128 994 convexitatis
1157 963 1435 1007 terrarumque¹

251 1036 358 1086 globi
396 1035 635 1079 differentia,
673 1035 814 1073 eodem
855 1035 983 1072 sidere
1021 1035 1096 1072 alio
1134 1041 1316 1085 tempore
1353 1035 1436 1072 aliis

253 1116 460 1164 aperiente
477 1127 518 1150 se
536 1114 738 1164 gentibus,
756 1127 834 1163 quo
853 1113 897 1150 fit
916 1119 959 1150 ut
976 1126 1097 1150 causa
1115 1115 1198 1150 eius
1216 1126 1294 1150 non
1311 1112 1436 1150 isdem

251 1192 393 1229 diebus
441 1192 589 1242 ubique
637 1191 780 1228 valeat.
837 1191 1027 1228 addidere
1074 1190 1349 1228 difficultatem
1396 1197 1438 1228 et

252 1277 433 1307 auctores
460 1270 622 1307 diversis
650 1272 690 1307 in
717 1269 810 1307 locis
839 1269 1100 1313 observando,
1127 1283 1219 1306 mox
1248 1272 1371 1306 etiam
1397 1272 1436 1307 in

252 1349 376 1386 isdem
409 1349 563 1386 diversa
595 1348 812 1399 prodendo.
868 1354 948 1385 tres
979 1353 1117 1385 autem
1149 1347 1259 1385 fuere
1290 1354 1437 1392 sectae,

251 1427 467 1472 Chaldaea,
476 1428 697 1478 Aegyptia,
706 1426 862 1464 Graeca
876 1439 885 1470 ;
901 1426 960 1464 his
971 1426 1125 1464 addidit
1137 1432 1320 1476 quartam
1332 1427 1436 1477 apud

253 1519 323 1543 nos
351 1505 500 1543 Caesar
526 1505 699 1543 dictator
725 1519 848 1542 annos
876 1505 926 1542 ad
953 1504 1043 1542 solis
1069 1518 1226 1542 cursum
1254 1505 1437 1556 redigens

252 1584 425 1635 singulos
453 1583 644 1635 Sosigene
672 1586 801 1634 perito
829 1586 1021 1621 scientiae
1049 1586 1134 1621 eius
1162 1582 1435 1621 adhibito—et

253 1667 301 1690 ea
324 1656 408 1704 ipsa
432 1656 534 1691 ratio
558 1659 698 1704 postea
722 1659 915 1704 conperto
940 1666 1071 1691 errore
1094 1659 1271 1691 correcta
1296 1659 1357 1690 est
1380 1655 1437 1690 ita

253 1738 297 1770 ut
309 1731 325 1756 ³
345 1732 555 1770 duodecim
573 1735 685 1769 annis
701 1734 898 1770 continuis
915 1745 993 1769 non
1010 1731 1328 1776 intercalaretur,
1344 1734 1437 1783 quia

611 1842 622 1861 ¹
648 1841 805 1882 Mayhoff
816 1853 822 1872 :
850 1841 892 1872 id.

609 1885 621 1903 ²
645 1884 835 1915 Beck-ham:
862 1884 1085 1915 conflictuum.

608 1927 620 1945 ³
646 1931 685 1958 ut
700 1927 775 1959 add.
793 1927 862 1959 edd.

395 2026 408 2039 ⁶
435 2022 461 2052 A
482 2021 812 2062 misinterpretation
831 2020 870 2052 of
882 2020 1037 2053 caesar‘s
1054 2021 1288 2052 instructions.

252 2077 320 2113 322
