1486 2359
119 798 180 830 214

125 1636 186 1667 215

409 133 492 170 PLl
502 133 597 170 NY:
650 133 913 170 NATURAL
951 133 1186 170 HISTORY

208 240 318 274 iuxta
331 237 471 274 urbem
485 237 666 280 Aricinis,
675 249 777 286 quae
791 237 952 273 alternis
965 242 1159 285 putantur
1171 239 1297 281 annis,
1309 251 1387 275 non

209 309 301 357 quia
313 307 352 344 id
365 309 434 343 viti
446 306 644 343 conducat
656 306 727 343 sed
740 309 832 356 quia
847 306 1001 343 vilitate
1014 306 1188 344 reditum
1199 307 1389 357 inpendia

208 382 443 426 exuperent.
498 375 674 412 medium
704 381 1072 425 temperamentum
1103 378 1142 413 in
1172 375 1390 413 Carsulano

208 452 409 489 secuntur,
426 448 677 495 cariosasque
696 451 856 482 tantum
876 447 964 482 vitis
984 451 1120 495 partes
1138 448 1391 496 incipientes·

209 528 287 565 que
316 518 537 551 inarescere
567 514 814 563 deputando,
843 517 988 551 ceteris
1018 515 1069 552 ad
1098 528 1216 552 uvam
1244 515 1391 553 relictis

209 584 392 621 detracto
414 597 534 621 onere
557 597 815 633 supervacuo,
838 597 908 633 pro
932 587 1178 622 nutrimento
1201 587 1307 621 omni
1330 592 1392 624 est

211 657 351 691 raritas
384 654 574 697 volneris3
620 653 690 691 sed
724 656 796 690 nisi
828 656 965 703 pingui
998 654 1081 691 solo
1111 654 1204 692 talis
1235 654 1393 692 cultura

210 724 431 774 degenerat
450 726 489 760 in
508 723 743 760 labruscam.

259 793 435 830 Arbusta
459 795 561 829 arari
581 806 701 843 quam
723 793 914 830 altissime
935 793 1180 838 desiderant,
1199 797 1363 832 tametsi
1379 795 1393 818 ¹

210 863 399 900 frumenti
428 866 529 900 ratio
558 876 636 899 non
675 865 812 914 exigit.
867 866 1089 913 pampinari
1129 876 1177 901 ea
1216 877 1295 901 non
1333 870 1394 902 est

211 936 343 975 moris,
367 939 409 969 et
432 932 505 969 hoc
527 933 794 982 conpendium
819 946 978 982 operae.
1033 933 1283 983 deputantur
1304 947 1394 971 cum

213 1005 293 1040 vite
320 1005 472 1052 pariter
497 1002 738 1039 interlucata
765 1003 968 1040 densitate
995 1016 1196 1040 ramorum
1223 1006 1289 1054 qui
1317 1006 1395 1041 sint

213 1075 446 1123 supervacui
464 1078 505 1109 et
523 1072 735 1109 absumant
753 1071 958 1109 alimenta.
1011 1072 1152 1123 plagas
1169 1073 1221 1110 ad
1236 1079 1397 1123 septep-

211 1145 360 1180 triones
387 1148 456 1179 aut
482 1142 533 1179 ad
559 1142 766 1179 meridiem
793 1148 975 1191 spectare
1001 1145 1222 1186 vetuimus3
1256 1143 1396 1181 melius

213 1215 243 1249 si
264 1225 395 1262 neque
422 1214 461 1248 in
488 1225 648 1249 occasus
674 1211 787 1254 solis;
830 1212 897 1248 diu
924 1211 1061 1249 dolent
1087 1212 1184 1249 talia
1211 1213 1398 1264 quoque²

213 1282 345 1319 ulcera
356 1288 396 1318 et
407 1281 562 1319 difficile
572 1287 785 1318 sanescunt:
798 1281 969 1331 algendo
980 1284 1094 1318 nimis
1105 1283 1375 1320 aestuandove
1389 1294 1398 1326 ;

214 1366 292 1389 non
311 1351 452 1388 eadem
472 1351 545 1388 ut²³
562 1354 602 1388 in
620 1354 700 1388 vite
723 1350 899 1396 libertas,
920 1354 1106 1402 quoniam
1126 1358 1237 1389 certa
1256 1352 1397 1397 latera,

214 1422 285 1459 sed
308 1421 459 1458 facilius
475 1421 718 1458 abscondere
741 1427 783 1457 et.
803 1421 1043 1471 detorquere
1065 1434 1142 1471 quo
1163 1422 1258 1459 velis
1278 1422 1397 1459 vitis⁴

215 1491 365 1542 plagas.
420 1493 458 1527 in
480 1491 664 1527 arborum
680 1497 843 1527 tonsura
860 1493 1001 1541 supino
1017 1505 1083 1528 ore
1097 1489 1115 1515 ⁵
1132 1491 1241 1529 velut
1256 1491 1397 1530 calices

214 1561 400 1604 faciendi,
419 1574 469 1598 ne
487 1563 679 1598 consistat
698 1573 822 1597 umor.

265 1630 450 1667 XXXVI.
481 1630 560 1667 Viti
597 1630 835 1667 adminicula
871 1631 1057 1668 addenda
1093 1645 1195 1682 quae
1230 1632 1398 1670 scandat

216 1699 465 1750 adprehensa
509 1702 540 1737 si
587 1702 736 1736 maiora
781 1702 873 1737 sint.
930 1703 1069 1738 vitium
1115 1714 1397 1751 generosarum

595 1808 607 1827 ¹
631 1807 836 1838 Pintianus:
862 1810 961 1839 tanta
977 1813 1039 1840 ost.

595 1852 607 1870 ²
629 1851 795 1890 [quoque]
819 1850 1057 1891 Warminqmn.

594 1894 606 1913 ³
630 1897 670 1924 ut
685 1894 760 1924 add.
779 1893 819 1925 M
821 1893 941 1934 ayhoff.

592 1937 605 1956 ⁴
628 1937 709 1968 vitis
724 1937 799 1967 add.
823 1936 1059 1976 Warminycon.

594 1978 608 1998 ³
631 1979 719 2010 Ian:
745 1980 925 2021 supiniore.

216 2059 283 2103 ¹48
