1486 2359
95 749 154 780 186

96 1229 154 1260 187

390 160 555 198 PLINY
571 175 579 198 :
623 160 886 199 NATURAL
922 161 1159 199 HISTORY

179 267 311 302 tisana
349 270 509 301 tantum
550 267 590 301 in
629 264 749 301 cibis:
806 264 1025 302 lenioreml
1067 267 1366 315 gratioremque

180 337 363 374 saporem
395 330 588 374 praestat.
643 324 824 361 silvestre
857 325 909 362 ad
941 324 1070 361 multa
1103 325 1366 362 medicamina

182 385 279 421 utile
313 390 386 421 est.
442 384 654 434 (Adeoque
688 383 783 420 nihil
819 387 951 421 omisit
983 397 1078 421 cura
1112 390 1156 421 ut
1189 387 1365 422 carmine

181 457 340 494 quoque
371 443 689 493 conprehensum
721 447 934 493 reperiam,
966 444 1068 481 fabis
1100 447 1249 494 caprini
1284 445 1364 481 fimi

181 503 345 554 singulis
391 507 540 541 cavatis
586 506 616 540 si
663 507 781 553 porri,
828 517 985 547 erucae,
1032 504 1229 548 lactucae,
1275 507 1368 554 apii,

182 564 325 608 intubi,
367 566 551 601 nasturtii
606 567 760 600 semina
814 564 963 600 inclusa
1016 570 1213 608 serantur,
1266 567 1366 602 mire

181 626 401 674 provenire.
463 637 567 674 quae
607 630 699 661 sunt
739 629 781 660 et
820 623 1015 661 silvestria
1049 624 1192 662 eadem
1231 627 1367 662 sativis

182 687 344 721 sicciora
362 683 652 734 intelleguntur
671 689 713 720 et
732 684 913 734 acriora.)

234 743 339 781 LXI.
373 743 556 794 Namque
595 750 638 781 et
675 757 858 780 sucorum
892 757 1158 794 saporumque
1196 744 1367 782 dicenda

182 803 407 841 differentia
423 810 499 848 est,
511 804 573 841 vel
589 806 713 840 maior
726 806 766 840 in
782 803 841 840 his
858 817 978 854 quam
990 803 1006 827 ²
1023 806 1063 840 in
1078 807 1216 854 pomis.
1275 810 1367 842 sunt

183 870 320 901 autem
340 877 449 901 acres
468 864 638 907 cunilae,
658 866 824 914 origani,
840 866 1041 908 nasturtii,
1062 866 1223 914 sinapis,
1245 867 1367 901 amari

182 923 384 968 absinthii,
406 927 625 967 centaurei,
647 923 843 974 aquatiles
865 927 1099 968 cucumeris,
1120 924 1367 969 cucurbitae,

181 984 377 1028 lactucae,
409 987 516 1021 acuti
547 983 690 1034 thymi,
720 983 968 1035 cunilaginis‚
1000 986 1108 1021 acuti
1141 990 1184 1022 et
1215 983 1368 1022 odorati

183 1047 276 1094 apii,
301 1047 424 1088 aneti,
449 1043 621 1081 feniculi.
677 1043 802 1081 salsus
826 1049 987 1081 tantum
1013 1057 1035 1081 e
1059 1044 1266 1094 saporibus
1290 1057 1368 1082 non

184 1107 372 1148 nascitur,
403 1103 618 1154 aliquando
649 1109 766 1141 extra
796 1103 930 1141 insidit
961 1103 1133 1154 pulveris
1164 1103 1296 1149 modo,
1326 1110 1368 1142 et

182 1164 381 1202 cicerculis
399 1170 572 1201 tantum.

235 1224 363 1261 LXII.
396 1225 532 1274 Atque
554 1230 599 1261 ut
627 1223 889 1274 intellegatur
909 1237 1011 1261 vana
1030 1237 1104 1261 ceu
1133 1223 1368 1275 plerumque

185 1287 290 1321 vitae
306 1287 522 1334 persuasio,
534 1297 669 1333 panax
684 1286 830 1333 piperis
844 1297 1026 1332 saporem
1040 1284 1172 1321 reddit
1185 1290 1227 1321 et
1242 1286 1368 1334 magis

185 1347 309 1380 etiam
332 1344 602 1394 siliquastrum
625 1344 675 1380 ob
699 1344 738 1381 id
762 1344 982 1393 piperitidis
1007 1346 1165 1381 nomine
1188 1349 1368 1394 accepto,

185 1404 369 1441 libanotis
384 1404 546 1441 odorem
560 1406 675 1447 turis,
690 1406 910 1454 zmyrnium
926 1416 1095 1440 murrae.
1150 1403 1200 1441 de
1215 1416 1368 1453 panace

184 1464 342 1500 abunde
359 1463 511 1501 dictum
528 1469 601 1500 est.
656 1463 842 1500 libanotis
860 1463 952 1500 locis
969 1463 1150 1513 putribus
1168 1469 1210 1501 et
1227 1466 1367 1501 macris

184 1537 229 1560 ac
249 1524 407 1561 roscidis
427 1527 592 1567 seritur;
627 1523 802 1560 radicem
821 1522 946 1560 habet
965 1523 1144 1567 olusatri‚
1164 1522 1258 1560 nihil
1278 1529 1368 1561 ture

184 1583 458 1627 differenten13
501 1597 592 1621 usus
623 1586 705 1620 eius
734 1590 824 1633 post
853 1597 1000 1620 annum
1029 1582 1235 1621 stomacho
1263 1583 1365 1621 salu-

184 1644 388 1681 berrimus.
455 1643 617 1694 quidam
658 1657 747 1680 eam
789 1647 947 1680 nomine
988 1643 1063 1680 alio
1103 1646 1363 1681 rosmarinum

403 1720 415 1740 ²
439 1720 596 1761 Mayhoff
607 1733 613 1751 :
640 1720 810 1751 leviorem.

403 1764 415 1782 ²
440 1773 545 1803 quam
560 1763 630 1795 cdd.
650 1764 752 1802 (sicut
769 1765 816 1794 cd.
835 1763 914 1794 Par.
931 1763 1006 1794 Lat.
1026 1764 1158 1800 10318).

224 1863 237 1876 ⁰
261 1858 332 1889 Not
348 1857 485 1889 known.

228 1901 240 1920 ⁶
264 1901 334 1932 The
356 1904 531 1932 sentences
554 1901 587 1932 in
610 1900 668 1932 the
691 1901 901 1942 parenthesis
923 1910 1013 1932 seem
1029 1904 1066 1932 to
1081 1910 1176 1932 come
1199 1901 1231 1931 in
1255 1899 1366 1932 better

182 1947 218 1974 at
235 1944 293 1975 the
310 1944 375 1974 end
393 1943 458 1982 οἷς
476 1944 546 1975 183.

223 1991 234 2005 ·
259 1988 287 2017 Α
304 1987 440 2018 variant
455 1986 594 2027 reading
609 1987 702 2027 gives
719 1986 726 1998 ‘
742 1985 801 2017 the
817 1986 997 2017 diffcrence
1019 1985 1118 2027 being
1133 1996 1218 2017 even
1233 1989 1365 2027 greater

182 2030 214 2060 in
234 2030 292 2061 the
311 2029 387 2060 wild
407 2030 575 2067 varieties,
594 2039 631 2060 aa
649 2030 676 2060 it
694 2030 721 2060 is
740 2030 773 2060 in
791 2029 850 2060 the
868 2040 944 2060 case
962 2029 1001 2060 of
1014 2028 1115 2060 fruita
1129 2028 1148 2060 ’.

187 2087 257 2133 538
