1486 2359
134 386 192 417 156

135 1710 193 1738 15⁸

424 137 588 174 PLINY
604 150 612 173 ε
666 136 928 173 NATURAL
966 135 1203 174 HISTORY

222 240 455 279 senescendi
494 239 703 277 celeritate
749 239 999 276 adtributum
1044 238 1134 276 huic
1179 239 1322 285 arbori,
1360 245 1405 278 ut

219 313 406 348 citissime
431 312 651 360 proveniat.

270 380 420 416 Vitium
459 381 706 416 numerosior
742 384 853 416 satus
891 384 966 416 est.
1020 381 1190 428 primum
1228 381 1404 416 omnium

221 449 315 487 nihil
352 452 496 486 seritur
534 461 583 485 ex
620 448 679 485 his
717 451 790 485 nisi
828 447 969 485 inutile
1007 454 1050 485 et
1086 448 1328 498 deputatum
1365 451 1404 486 in

219 525 446 561 sarmenta3
484 524 705 568 opputatur
729 523 866 555 autem
891 517 1084 568 quidquid
1107 521 1288 568 proximo
1310 518 1404 556 tulit

221 589 406 626 fructum.
446 587 600 624 solebat
613 587 854 637 capitulatus
869 590 1069 638 utrimque
1083 600 1104 624 e
1117 587 1215 625 duro
1227 588 1404 626 surculus

220 661 310 699 seri,
331 671 459 708 eoque
480 663 718 707 argumento
739 656 945 694 malleolus
967 662 1132 694 vocatur
1152 660 1405 701 etiamnunc;

222 734 361 778 postea
389 726 503 764 avelli
531 740 621 764 cum
648 739 719 763 sua
744 725 854 764 calce
878 731 1044 776 coeptus
1072 732 1147 770 est,
1173 732 1218 764 ut
1244 729 1284 764 in
1310 727 1406 771 fico;

222 811 351 848 neque
383 803 442 834 est
473 796 580 833 aliud
611 799 794 833 vivacius.
849 798 1015 833 tertium
1045 809 1171 846 genus
1201 796 1402 834 adiectum

221 870 441 904 etiamnum
493 866 718 916 expeditius
768 868 852 903 sine
901 865 1024 909 calce,
1074 865 1181 916 quod
1229 869 1405 917 sagittae

221 942 412 974 vocantur
434 950 524 973 curn
555 938 692 972 intorti
723 941 967 985 panguntur,
994 935 1115 973 iidem
1131 935 1146 959 1
1174 949 1265 973 cum
1291 939 1403 974 recisi

221 1020 294 1044 nee
334 1008 472 1043 intorti
514 1008 759 1055 trigemmeS.
814 1005 946 1055 plures
988 1011 1126 1043 autem
1167 1018 1218 1043 ex
1260 1005 1403 1043 eodem

219 1076 374 1113 surculo
394 1075 467 1112 hoc
489 1075 606 1112 modo
628 1075 740 1112 fiunt.
796 1088 928 1112 serere
949 1088 971 1112 e
991 1077 1248 1125 pampinariis
1268 1075 1403 1114 sterile

221 1152 296 1187 est,
323 1159 395 1183 nec
422 1148 493 1182 nisi
518 1159 539 1181 c
566 1143 766 1182 fecunda²
793 1150 966 1194 oportet.
1022 1158 1125 1195 quae
1149 1158 1256 1183 raros
1278 1144 1405 1183 habet

221 1216 343 1253 nodos
394 1215 609 1252 infecunda
661 1215 872 1258 iudicatur,
923 1214 1102 1251 densitas
1153 1228 1403 1265 gemmarum

222 1285 440 1322 fertilitatis
458 1285 645 1322 indicium
666 1291 738 1321 est.
795 1284 957 1334 quidam
975 1287 1051 1321 seri
1075 1290 1216 1322 vetant
1239 1287 1312 1322 nisi
1336 1298 1403 1323 eos

221 1357 287 1405 qui
315 1355 520 1391 floruerint
543 1354 729 1391 surculos.
783 1356 954 1404 sagittas
976 1367 1108 1391 serere
1135 1357 1264 1392 minus
1291 1354 1404 1399 utile,

221 1428 407 1475 quoniam
459 1427 498 1461 in
554 1423 833 1461 transferendo
882 1423 998 1461 facile
1049 1426 1247 1474 rumpitur
1297 1424 1403 1475 quod

221 1498 412 1532 intortum
462 1494 550 1531 fuit.
615 1493 830 1531 serantur³
884 1493 1016 1543 pedali
1072 1507 1151 1531 non
1205 1494 1404 1532 breviores

219 1564 482 1614 longitudine,
534 1567 710 1614 quinque
761 1576 882 1601 sexve
933 1563 1151 1601 nodorum:
1197 1566 1402 1614 pauciores

220 1635 345 1671 tribus
377 1636 546 1683 gemmis
579 1636 617 1669 in
649 1632 723 1670 hac
755 1646 938 1670 mensura
971 1647 1057 1669 esse
1088 1646 1166 1670 non
1197 1639 1399 1683 poterunt.

221 1706 337 1740 inseri
355 1703 495 1740 eodeni
513 1703 577 1740 die
595 1717 672 1753 quo
687 1703 935 1753 deputentur
949 1702 1215 1747 utilissimum,
1229 1705 1260 1740 si
1276 1702 1402 1740 multo

222 1779 361 1823 postea
383 1786 543 1810 neccsse
563 1776 613 1809 sit
633 1785 764 1809 serere
784 1772 1016 1817 custoditos,
1036 1775 1094 1809 uti
1114 1775 1402 1823 praecepimus,

513 1908 522 1926 ¹
548 1907 679 1939 Gelam:
705 1907 738 1938 id
755 1907 856 1938 enim.

509 1951 522 1969 ²
544 1962 562 1981 e.
579 1950 749 1981 secunda?
770 1950 926 1990 Mayltoff
936 1962 944 1981 t
969 1950 1126 1982 fecundo.

507 1995 518 2010 '¹
548 1994 732 2023 latri-ham:
758 1997 925 2024 seruntur.

223 2065 287 2099 108
