1486 2359
133 1889 195 1920 280

357 144 522 181 PLINY
538 158 546 181 :
590 143 853 181 NATURAL
890 143 1126 181 HISTORY

219 251 399 298 proximo
437 247 548 284 nobis
585 247 729 285 circulo
765 253 898 284 currat
935 250 1027 297 igne
1065 250 1148 284 eius
1184 250 1402 286 comminus

219 340 382 382 recepto
427 333 618 377 candens,
664 332 806 370 eadem
852 332 1065 369 interlunio
1110 333 1213 370 absit
1258 332 1404 377 hieme,

219 422 405 469 quoniam
435 419 614 456 abscedit
644 425 685 455 et
714 418 785 462 sol,
814 421 912 455 item
942 421 981 454 in
1010 417 1225 468 plenilunio
1253 422 1404 456 aestivo

219 505 353 556 procul
380 505 502 543 abeat
529 505 694 542 adversa
721 504 806 548 soli,
833 503 966 541 hieme
994 511 1130 542 autem
1159 504 1210 542 ad
1237 518 1307 542 nos
1333 518 1405 555 per

219 594 415 628 aestivum
458 591 646 628 circulum
689 590 866 627 accedat.
923 604 1018 641 ergo
1060 603 1130 639 per
1170 604 1212 628 se
1254 591 1404 628 roscida

220 681 404 728 quotiens
451 677 574 727 alget,
621 677 821 713 infinitum
870 683 1065 727 quantum
1112 676 1177 714 illo
1223 683 1404 727 tempore

218 764 408 802 cadentes
430 767 588 814 pruinas
608 763 804 813 congelat.

272 850 417 887 LXIX.
448 851 557 886 Ante
610 852 742 885 omnia
797 854 933 886 autem
986 849 1065 885 duo
1117 861 1266 899 genera
1319 861 1404 886 esse

219 937 402 974 caelestis
433 939 598 973 iniuriae
628 938 855 972 meminisse
885 935 1102 972 debemus:
1146 948 1268 972 unum
1299 935 1405 986 quod

222 1029 488 1072 tempestates
511 1035 712 1059 vocamus.
735 1024 773 1058 in
797 1022 938 1071 quibus
960 1021 1188 1071 grandines,
1209 1020 1405 1071 procellae

220 1116 437 1159 ceteraque
457 1108 599 1145 similia
620 1107 922 1158 intelleguntur,
943 1120 1045 1157 quae
1065 1120 1155 1144 cum
1176 1107 1406 1151 acciderint,

223 1198 277 1232 vis
290 1198 414 1232 maior
425 1194 649 1244 appellatur
661 1207 670 1237 ;
687 1193 784 1231 haec
798 1194 847 1230 ab
860 1192 1024 1230 horridis
1037 1193 1229 1231 sideribus
1242 1198 1407 1238 exeunt,

223 1288 267 1318 ut
301 1284 457 1331 saepius
492 1281 678 1323 diximus,
708 1279 829 1317 veluti
864 1285 1034 1323 arcturo,
1064 1279 1226 1324 Orione,
1254 1278 1405 1317 haedis.

222 1367 298 1404 alia
324 1374 417 1404 sunt
444 1367 509 1404 illa
536 1380 639 1416 quae
666 1366 808 1403 silente
833 1365 944 1403 caelo
969 1368 1197 1416 serenisque
1224 1365 1406 1403 noctibus

226 1454 322 1490 fiunt
340 1453 446 1490 nullo
461 1456 661 1489 sentiente
678 1455 749 1489 nisi
765 1465 854 1489 cum
869 1451 977 1489 facta
992 1457 1107 1495 sunt;
1135 1451 1292 1502 publica
1306 1450 1405 1489 haec

224 1546 266 1576 et
295 1553 466 1589 magnae
495 1538 743 1576 differentiae
772 1552 794 1574 a
822 1538 1029 1588 prioribus,
1057 1537 1140 1575 aliis
1170 1538 1404 1588 robiginem,

222 1625 306 1662 aliis
358 1625 578 1669 uredinem,
629 1624 713 1661 aliis
763 1623 1046 1661 carbunculum
1097 1623 1404 1674 appellantibus,

223 1712 404 1748 omnibus
435 1724 526 1748 vero
555 1710 822 1748 sterilitatem.
877 1710 928 1748 de
957 1709 1015 1747 his
1046 1723 1148 1747 nunc
1176 1709 1351 1747 dicemus
1380 1723 1402 1746 a

225 1797 330 1834 nullo
352 1804 446 1834 ante
468 1811 537 1834 nos
559 1797 730 1847 prodita,
752 1799 938 1847 priusque
959 1809 1097 1834 causas
1118 1795 1343 1833 reddemus.

274 1884 389 1921 Duae
417 1890 510 1920 sunt
537 1889 697 1934 praeter
723 1883 916 1928 lunarem,
944 1885 1159 1934 paucisque
1185 1881 1282 1920 caeli
1310 1882 1402 1920 locis

222 1976 419 2006 constant.
476 1983 647 2020 namque
689 1968 873 2020 vergiliae
914 1971 1097 2019 privatim
1137 1971 1313 2005 attinent
1351 1967 1402 2005 ad

222 2070 291 2117 ³64
