1486 2359
104 748 167 779 216

108 1401 169 1431 217

396 129 584 167 PLINY:
637 129 900 166 NATURAL
938 128 1174 166 HISTORY

195 233 379 284 pergulas
402 234 706 283 quinquatribus
728 233 927 282 putandas
950 238 1006 275 et,
1028 245 1194 282 quarum
1217 243 1372 268 servare

195 316 289 340 uvas
326 303 464 341 libeat.
501 303 757 339 decrescente
794 301 887 338 luna
923 301 1104 343 tradunt,
1142 314 1245 351 quae
1282 313 1374 337 vero

197 375 406 412 interlunio
420 378 497 412 sint
513 381 680 424 putatae
695 374 808 411 nullis
823 373 1052 410 animalium
1067 373 1259 410 obnoxias
1274 385 1373 410 esse.

195 448 270 484 alia
288 451 440 485 ratione
458 447 575 497 plena
592 447 684 484 luna
703 453 823 483 noctu
839 446 1079 486 tondendas,
1095 459 1185 482 cum
1202 448 1253 482 sit
1271 447 1373 482 eain

194 520 322 563 leone,
353 523 571 569 scorpione,
602 522 825 569 sagittario,
855 525 986 561 tauro,
1018 525 1141 568 atque
1174 520 1213 554 in
1242 523 1374 555 totum

195 593 382 630 serendas
394 593 512 642 plena
524 598 593 629 aut
605 598 809 629 crescente
823 594 962 640 utique
973 596 1153 628 censent.
1177 590 1376 627 sufficiunt

195 668 234 702 in
254 665 371 702 Italia
389 664 559 702 cultores
579 664 671 701 deni
690 667 730 700 in
748 669 918 700 centena
938 666 1076 710 iugera
1095 665 1312 699 vinearum.

244 743 451 780 XXXVII.
487 742 541 779 Et
595 741 752 779 abunde
806 748 897 778 satu
950 740 1140 790 cultuque
1193 740 1375 777 arborum

194 822 383 855 tractato,
415 817 600 865 quoniam
631 815 680 851 dc
707 813 848 863 palmis
875 819 915 850 et
943 815 1069 864 cytiso
1096 815 1134 849 in
1160 814 1377 862 peregrinis

196 888 399 925 arboribus
425 887 592 925 adfatim
618 887 803 929 diximus,
829 899 878 922 ne
904 885 999 936 quid
1024 885 1141 927 desit,
1167 885 1376 921 indicanda

195 961 347 1011 reliqua
360 967 504 997 natura
519 966 579 997 est
592 973 739 1009 magno
753 972 872 1008 opere
886 961 1092 1008 pertinens
1106 957 1157 994 ad
1171 959 1302 994 omnia
1316 970 1377 994 ea.

196 1033 437 1070 infestantur
469 1045 642 1082 namque
676 1038 718 1069 et
751 1032 910 1068 arbores
944 1029 1237 1079 morbis—quid
1271 1032 1375 1066 enim

196 1109 377 1156 genitum
403 1111 514 1143 caret
548 1105 606 1141 his
638 1104 751 1141 malis
782 1104 796 1139 ?
823 1109 885 1140 set
907 1104 919 1126 ¹
948 1103 1185 1140 silvestrium
1218 1102 1378 1152 quidem

197 1181 434 1228 perniciosos
462 1183 613 1228 negant
641 1190 726 1214 esse
755 1179 970 1226 vexarique
998 1181 1158 1212 tantum
1186 1174 1379 1225 grandine

197 1254 236 1288 in
261 1253 552 1301 germinatione
578 1256 646 1286 aut
673 1249 782 1291 flore,
807 1249 920 1285 aduri
946 1261 1103 1298 quoque
1129 1247 1283 1284 fervore
1308 1252 1378 1284 aut

199 1323 297 1360 flatu
332 1323 534 1373 frigidiore
569 1328 828 1372 praepostero
859 1321 937 1364 dic,
972 1319 1099 1356 nam²
1132 1333 1203 1357 suo
1234 1319 1380 1370 frigora

198 1399 322 1433 etiam
356 1402 535 1446 prosunt,
570 1401 614 1432 ut
648 1395 832 1432 diximus.
888 1393 895 1405 ‘
916 1392 1022 1439 Quid
1056 1392 1178 1443 ergo?
1227 1406 1305 1429 non
1339 1398 1380 1429 et

199 1471 298 1505 vites
347 1468 480 1518 algore
528 1467 760 1504 intereunt?
785 1465 792 1477 '
864 1465 936 1502 hoc
985 1465 1146 1515 quidem
1195 1470 1256 1502 est
1303 1477 1381 1514 quo

199 1539 526 1590 deprehendatur
542 1540 612 1576 soli
630 1542 784 1582 vitium,
801 1541 989 1588 quoniam
1007 1551 1084 1574 non
1103 1539 1236 1574 evenit
1253 1539 1325 1573 nisi
1342 1539 1380 1573 in

200 1613 355 1664 frigido.
409 1616 546 1662 itaque
570 1626 640 1662 per
663 1611 814 1649 hiemes
836 1611 937 1647 caeli
962 1613 1131 1660 rigorem
1154 1609 1382 1659 probamus,

201 1699 278 1722 non
291 1685 373 1723 soli.
429 1698 502 1722 nee
514 1685 802 1721 infirmissimae
815 1683 974 1719 arbores
987 1681 1079 1733 gelu
1093 1681 1381 1731 periclitantur,

201 1759 270 1795 scd
295 1761 508 1801 maximae,
533 1759 766 1806 vexatisque
792 1759 848 1793 ita
872 1757 1082 1792 cacumina
1105 1757 1232 1804 prima
1256 1756 1382 1791 inare-

201 1837 330 1875 scunt,
354 1833 541 1881 quoniam
565 1831 824 1879 praestrictus
847 1841 926 1865 non
949 1829 1081 1877 potuit
1105 1839 1153 1864 eo
1176 1827 1382 1876 pervenire

200 1916 324 1940 urssOl'.

394 1972 403 1991 ¹
429 1974 506 2003 set?
526 1971 700 2012 Mayhoff:
726 1975 772 2001 et.

391 2015 403 2033 ¹
431 2014 603 2055 Mayhofs:
631 2014 791 2054 quoniam
810 2012 938 2043 Gelam:
964 2021 1078 2052 quam.

203 2072 268 2107 ¹50
