1486 2359
140 268 176 297 14

142 694 179 725 15

144 1122 182 1152 16

143 1443 180 1474 17

407 157 596 195 PLINY:
649 158 911 195 NATURAL
949 157 1185 195 HISTORY

204 275 282 298 non
322 261 483 302 licebat
524 274 572 298 ne
611 260 749 310 plebes
787 263 934 298 rustica
974 267 1218 299 av.oearetur
1273 264 1384 312 quies

205 328 445 365 >munusque
489 318 528 351 in
571 317 804 351 stramentis
849 320 949 351 erat.
1003 314 1168 364 gloriam
1212 315 1384 366 denique

205 372 331 418 ipsam
350 382 371 405 a
389 368 501 405 farris
518 367 665 405 honore
682 368 859 405 adoriam
875 367 1144 417 appellabant.
1200 369 1384 419 equidem

206 425 290 472 ipsa
314 425 438 458 etiam
461 422 581 458 v·erl)1
606 424 756 471 priscae
779 421 1076 472 significationis
1099 421 1292 458 admiror:
1329 425 1384 459 ita

207 478 312 512 enim
354 481 414 512 est
454 478 493 511 in
534 477 829 512 commentariis
870 474 1123 524 pontificum:
1179 475 1386 526 ‘Augurio

205 531 365 565 canario
401 529 557 578 agendo
592 529 676 565 dies
710 531 979 565 constituatur
1013 529 1272 578 priusquam1
1307 529 1386 565 fru-

207 589 344 619 menta
386 585 535 632 vaginis
579 588 727 619 exeant
769 588 811 619 et
852 588 1070 632 antequam
1087 582 1102 605 ²
1143 585 1181 618 in
1224 585 1386 631 vaginas

206 638 452 685 perveniant.
462 635 468 646 '

260 689 325 726 IV.
356 689 462 739 Ergo
481 688 539 725 his
559 689 732 726 moribus
752 702 830 725 non
850 688 968 725 modo
986 688 1234 725 sufficiebant
1253 688 1386 739 fruges

207 743 313 779 nulla
345 745 632 792 provinciarum
670 748 859 792 pascente
893 741 1065 785 Italiam,
1098 755 1233 779 verum
1265 745 1387 779 etiam

207 810 389 832 annonae
425 796 553 832 vilitas
586 796 824 833 incredibilis
859 801 958 832 erat.
1017 795 1177 832 Manius
1214 795 1386 832 Marcius

208 849 344 886 aedilis
374 849 499 898 plebis
527 852 697 899 primum
725 849 970 886 frumentum
997 849 1143 898 populo
1170 852 1209 885 in
1236 849 1386 886 modios

208 904 358 940 assibus
372 903 539 939 datavit.
597 903 641 939 L.
659 903 856 939 Minucius
871 904 1112 951 Augurinus,
1125 905 1192 952 qui
1204 901 1387 952 Spurium

211 956 404 993 Maelium
423 963 674 1005 coarguerat,
692 956 804 993 farris
823 959 997 1005 pretium
1017 958 1054 992 in
1073 958 1185 992 trinis
1205 956 1388 993 nundinis

207 1011 259 1047 ad
279 1023 406 1047 assem
428 1010 584 1059 redegit
605 1010 849 1047 undecumus
869 1010 1001 1059 plebei
1021 1010 1217 1054 tribunus,
1237 1023 1316 1060 qua
1335 1010 1385 1047 de

207 1077 326 1100 causa
354 1070 387 1100 st
395 1070 490 1100 ·1tua
519 1066 553 1100 ei
583 1070 698 1100 extra
725 1070 882 1113 portam
911 1065 1166 1110 trio-eminam
1194 1076 1216 1099 a
1243 1063 1389 1113 populo

208 1120 311 1167 stipe
349 1117 507 1153 conlata
546 1123 700 1153 statuta
741 1123 814 1153 est.
869 1117 912 1153 ’.Γ
953 1116 1064 1153 Seius
1103 1119 1142 1152 in
1181 1116 1388 1153 aedilitate

209 1171 358 1207 assibus
375 1170 519 1220 populo
534 1170 779 1207 frumentum
794 1173 1010 1219 praestitit,
1025 1183 1144 1220 quam
1160 1169 1210 1206 ob
1224 1183 1329 1207 caus·
1321 1184 1385 1207 im

210 1231 250 1261 et
270 1227 305 1261 ei
323 1230 483 1260 statuae
502 1227 539 1260 in
559 1223 755 1273 Capitolio
773 1237 818 1260 ac
838 1223 990 1260 Palatio
1008 1223 1165 1260 dicatae
1185 1230 1292 1267 sunt,
1305 1226 1388 1273 ipse

209 1291 393 1326 supremo
424 1278 487 1314 die
519 1278 651 1326 populi
683 1280 827 1314 umeris
858 1282 1040 1326 portatus
1072 1279 1110 1313 in
1141 1290 1280 1327 rogum
1311 1283 1385 1314 est.

210 1345 288 1381 quo
316 1344 451 1368 verum
479 1345 583 1367 anno
613 1331 749 1368 Mater
775 1331 895 1367 deum
923 1330 1092 1367 advecta
1121 1330 1287 1367 Romam
1315 1337 1389 1373 est,

210 1388 399 1422 maiorem
433 1398 479 1421 ea
512 1391 670 1421 aestate
702 1397 872 1421 messem
905 1398 1024 1433 quam
1057 1384 1388 1421 antecedentibus

209 1441 320 1475 annis
344 1438 483 1475 decem
506 1437 656 1475 factam
681 1451 766 1475 esse
788 1437 966 1475 tradunt.
1026 1437 1082 1474 M.
1108 1437 1230 1474 Varro
1253 1443 1390 1475 auctor

265 1524 276 1543 ¹
300 1525 510 1564 postquam?
528 1523 706 1554 Racklaam.
866 1523 877 1541 ²
902 1533 961 1553 nec
979 1526 1165 1563 antequam
1187 1521 1328 1554 Urlichs.

253 1652 266 1666 ⁰
291 1647 428 1683 Adoria,
453 1658 491 1678 or
515 1658 552 1678 as
575 1647 674 1678 other
699 1647 811 1687 copies
836 1646 913 1678 here
937 1647 1005 1677 and
1030 1646 1209 1678 elsewhere
1231 1647 1308 1687 give
1333 1647 1391 1679 the

208 1691 311 1727 word,
328 1690 457 1727 adorea,
476 1701 543 1721 was
560 1691 731 1731 supposed
748 1695 784 1721 to
809 1690 848 1720 be
865 1690 1003 1721 derived
1026 1690 1112 1720 srom
1134 1689 1223 1726 ador,
1239 1690 1335 1731 grain
1357 1690 1395 1722 os

208 1744 335 1764 emmer
359 1733 469 1764 wheat
497 1736 616 1772 (semen
639 1732 793 1764 adoreum
818 1733 914 1769 Cato,
944 1733 1074 1772 Varro),
1099 1732 1320 1774 particularly
1346 1733 1390 1764 its

212 1778 313 1810 flour2
338 1777 405 1807 and
424 1782 460 1808 to
478 1776 518 1807 be
535 1787 554 1807 a
572 1776 721 1817 by-form
740 1776 779 1807 of
790 1776 904 1815 ylario.

251 1821 262 1837 ‘¹
288 1819 437 1860 Perhaps
450 1819 509 1851 the
523 1819 625 1850 Latin
639 1819 759 1850 should
775 1819 815 1850 be
829 1819 957 1850 altered
972 1823 1008 1849 to
1020 1819 1096 1859 give
1117 1818 1224 1850 ‘aster
1237 1818 1295 1850 the
1309 1829 1388 1851 corn

208 1874 320 1894 comes
336 1868 397 1893 out
415 1862 453 1894 of
468 1862 526 1893 the
544 1862 631 1893 husk
649 1862 716 1893 and
735 1866 796 1893 not
816 1862 930 1892 before
943 1862 962 1897 ',
982 1864 1048 1892 etc.

249 1911 259 1922 f
285 1905 335 1935 He
352 1916 419 1936 was
436 1904 596 1946 co-opted
622 1915 659 1936 as
682 1915 724 1936 an
743 1904 933 1936 additional
950 1904 1086 1935 tribune
1109 1904 1177 1935 and
1201 1904 1385 1945 appointed

207 1949 392 1989 praaesaectvs
407 1958 561 1979 annonae.
580 1949 613 1979 in
629 1958 649 1978 a
665 1948 748 1978 time
764 1947 803 1977 os
815 1947 952 1984 sumine,
969 1948 1032 1978 439
1052 1956 1116 1978 13.st

249 1990 263 2009 ¹¹
288 1991 328 2022 In
349 1992 411 2022 204
432 2000 510 2028 B.c.,
531 1991 653 2031 during
673 1991 731 2022 the
751 1990 882 2022 Second
903 1990 1009 2021 Punic
1029 1990 1119 2027 War,
1141 1989 1199 2021 the
1218 1993 1333 2022 statue
1352 1990 1391 2022 of

205 2034 329 2074 Cybele
348 2045 416 2065 was
433 2034 582 2075 brought
599 2033 685 2065 from
706 2034 862 2064 Pessinue
879 2034 913 2064 in
931 2033 1078 2065 Galatia.

208 2095 275 2141 198

1351 2056 1364 2075 ἢ
