1486 2359
141 506 206 537 298

142 1433 206 1463 300

387 152 577 190 PLINY:
620 150 884 189 NATURAL
921 150 1156 189 HISTORY

233 258 363 305 inopia
411 255 502 298 est‚¹
545 259 768 291 stramento
815 253 975 303 paleam
1019 259 1230 304 quaerunt.
1285 257 1413 304 panici

228 317 358 354 culmo
380 331 458 354 non
479 323 640 367 tegunt,
661 315 757 353 milii
778 315 954 352 culmum
975 314 1062 353 fere
1081 318 1257 360 inurunt,
1278 315 1414 355 hordei

232 379 419 429 stipulam
456 379 585 415 bubus
620 380 888 428 gratissimam
925 383 1097 414 servant.
1152 380 1336 427 panicum
1373 385 1415 416 et

233 440 383 477 milium
405 439 635 490 singillatim
655 441 814 489 pectine
835 438 1008 475 manuali
1029 438 1169 489 legunt
1189 439 1356 478 Galliae.

285 501 421 538 Messa
462 504 570 551 spica
585 500 601 524 ²
642 503 726 550 ipsa
767 499 860 536 alibi
901 499 1054 536 tribulis
1096 502 1135 537 in
1176 513 1283 545 area,
1323 501 1416 538 alibi

234 577 426 614 equarum
445 563 644 614 gressibus
663 564 872 606 exteritur,
890 561 982 598 alibi
1000 565 1159 612 perticis
1177 562 1414 614 flagellatur.

233 628 408 663 triticum
438 639 516 676 quo
542 627 666 662 serius
693 626 860 662 metitur
885 623 958 661 hoc
984 627 1178 674 copiosius
1204 627 1416 670 invenitur,

233 701 311 737 quo
340 687 506 724 celerius
539 699 630 723 vero
660 685 734 723 hoc
765 687 978 735 speciosius
1009 699 1054 723 ac
1084 686 1296 724 robustius.
1351 686 1416 724 lex

233 751 496 798 apertissima,
526 748 534 760 ⁶
554 753 772 798 antequam
801 760 969 797 granum
1000 747 1228 785 indurescat
1256 753 1299 785 et
1326 761 1416 786 cum

231 813 310 847 iam
332 813 500 847 traxerit
521 808 721 853 colorem‚'
743 808 945 846 oraculum
969 821 1061 846 vero
1082 809 1090 821 ⁴
1110 809 1231 847 biduo
1251 809 1417 848 celerius

233 885 404 909 messem
421 871 554 909 facere
569 873 701 922 potius
718 884 838 921 quam
855 870 976 908 biduo
992 870 1143 908 serius.’
1196 871 1359 923 siliginis
1375 878 1417 910 et

233 936 353 971 tritici
388 934 563 971 eadem³
596 935 697 970 ratio
731 935 771 969 in
804 946 897 969 area
930 931 1163 983 horreoque.
1218 933 1292 979 far,
1325 937 1417 985 quia

232 995 444 1032 difficulter
462 997 677 1039 excutitur,
694 996 880 1031 convenit
897 1007 988 1031 cum
1006 994 1122 1044 palea
1139 1008 1211 1032 sua
1227 995 1358 1040 condi,
1375 1002 1417 1034 et

230 1056 378 1106 stipula
417 1063 578 1093 tantum
619 1062 661 1093 et
701 1058 830 1093 aristis
871 1055 1073 1093 liberatur.
1129 1056 1246 1106 palea
1285 1057 1416 1107 plures

232 1121 413 1168 gentium
446 1132 516 1168 pro
546 1117 639 1155 feno
669 1123 859 1161 utuntur3
904 1118 1044 1155 melior
1073 1131 1121 1155 ea
1152 1132 1231 1169 quo
1259 1122 1418 1157 tenuior

233 1183 502 1231 minutiorque
526 1186 566 1217 et
590 1179 742 1230 pulveri
765 1182 938 1230 propior,
961 1180 1051 1217 ideo
1073 1182 1226 1230 optima
1250 1194 1272 1218 e
1295 1181 1417 1226 milio,

233 1245 411 1292 proxima
436 1256 485 1279 ex
509 1241 671 1285 hordeo,
694 1244 866 1291 pessima
891 1255 941 1278 ex
963 1244 1110 1286 tritico,
1133 1248 1415 1294 praeterquam

233 1306 420 1341 iumentis
451 1317 571 1354 opere
600 1303 885 1340 laborantibus.
940 1303 1115 1341 culmum
1145 1307 1294 1341 saxosis
1323 1304 1416 1342 locis

233 1379 322 1403 cum
357 1368 503 1403 inaruit
533 1365 674 1402 baculo
707 1364 912 1416 frangunt,
941 1365 1206 1403 substraturi⁴
1240 1366 1416 1404 animali-

232 1427 327 1471 bus;
357 1430 388 1464 si
409 1427 525 1477 palea
546 1426 710 1469 defecit,
726 1433 768 1463 et
787 1427 940 1464 culmus
962 1429 1116 1464 teritur.
1173 1430 1276 1465 ratio
1294 1427 1416 1466 haec:

234 1492 427 1526 maturius
450 1489 651 1532 desectus,
672 1491 797 1525 muria
820 1489 919 1526 dura
941 1502 1111 1539 sparsus,
1133 1489 1226 1526 dein
1247 1492 1415 1528 siccatus

235 1554 272 1587 in
304 1551 524 1600 manipulos
554 1550 799 1587 convolvitur
828 1557 950 1601 atque
980 1553 1037 1587 ita
1065 1564 1136 1601 pro
1164 1550 1258 1588 feno
1286 1552 1414 1589 bubus

232 1613 362 1649 datur.
419 1618 510 1649 sunt
528 1615 594 1663 qui
612 1612 833 1649 accendant
849 1614 888 1649 in
905 1625 998 1649 arvo
1015 1618 1056 1649 et
1073 1612 1253 1662 stipulaS,
1269 1626 1415 1664 magno

237 1674 396 1724 Vergilii
424 1676 657 1723 praeconio3
694 1687 850 1710 summa
876 1679 1012 1711 autem
1036 1676 1118 1711 eius
1138 1677 1239 1712 ratio
1259 1680 1303 1713 ut
1327 1673 1414 1713 her-

485 1761 493 1778 ¹
518 1760 633 1800 inopia
649 1763 700 1790 est
717 1759 786 1791 edd.
804 1771 811 1790 :
837 1760 971 1800 inopiae
986 1765 1044 1792 aut
1060 1760 1185 1801 inopia.

480 1804 492 1821 ²
516 1803 625 1834 Messa
641 1803 760 1844 spica?
778 1803 936 1844 Maylwff
947 1815 954 1834 :
980 1803 1107 1835 Messis.

479 1847 490 1864 ³
516 1845 720 1877 Pintianus:
745 1846 861 1877 etiam.

478 1890 489 1907 ⁴
517 1888 673 1929 Mayhoff
683 1900 690 1920 :
716 1888 911 1920 substracta
927 1893 984 1920 aut
1000 1888 1189 1920 subtracta.

657 2019 672 2033 ⁶
695 2015 818 2047 Moved
838 2015 882 2056 by
900 2026 998 2048 oxen.
