1486 2359
403 133 568 170 PLINY
584 147 592 170 :
643 134 907 171 NATURAL
945 133 1180 171 HISTORY

194 237 364 274 candida
385 250 459 273 uva
478 243 519 273 et
539 236 611 274 fico
630 239 669 272 in
688 239 834 285 nigras,
853 243 922 273 ant
942 243 984 273 ut
1006 236 1218 274 Laodiciae
1236 236 1377 274 Xerxis

106 301 168 332 243
196 297 370 333 adventu
391 295 555 345 platano
574 298 613 331 in
633 295 762 332 oleam
783 302 954 332 mutata.
1009 295 1190 346 qualibus
1211 297 1377 332 ostentis

198 355 419 391 Aristandri
462 354 568 403 apud
611 353 784 391 Graecos
828 354 1011 390 volumen
1054 359 1200 397 scatet,
1244 367 1292 391 ne
1337 356 1375 390 in

197 414 393 450 infinitum
415 413 619 457 abeamus,
638 413 743 462 apud
765 426 834 450 nos
856 426 947 449 vero
969 413 1012 450 C.
1028 412 1160 462 Epidii
1179 425 1377 450 commen-

195 475 300 515 tarii,
327 475 365 508 in
394 472 535 522 quibus
563 472 719 508 arbores
748 471 906 509 locutae
934 484 1092 522 quoque
1113 473 1376 521 reperiuntur.

195 531 373 568 subsedit
402 534 439 567 in
468 530 647 567 Cumano
673 531 789 567 arbor
813 533 922 581 gravi
951 536 1110 567 ostento
1136 529 1256 580 paulo
1283 536 1377 567 ante

197 588 359 639 Pompei
381 590 520 640 Magni
537 589 641 626 bella
657 589 784 626 civilia
801 592 936 639 paucis
954 591 1071 626 ramis
1089 589 1378 633 eminentibus3

197 651 402 685 inventum
415 648 614 699 Sibyllinis
628 647 733 685 libris
748 651 1050 685 internicionem
1064 647 1267 684 hominum
1280 647 1378 692 fore,

194 714 390 757 tantoque
436 721 526 744 eam
568 710 758 744 maiorem
803 713 954 757 quanto
993 709 1152 756 propius
1192 707 1242 743 ab
1280 707 1377 744 urbe

195 773 426 816 portentum
447 766 598 803 factum
616 766 630 789 ¹
652 772 770 803 esset.

108 830 171 862 244
249 826 348 862 Sunt
368 826 548 875 prodigia
568 831 611 862 et
628 839 717 863 cum
737 825 874 862 alienis
893 824 985 862 locis
1006 830 1260 868 enascuntur,
1276 830 1320 861 ut
1339 826 1376 860 in

195 885 391 934 capitibus
408 890 633 921 statuarum
651 884 712 921 vel
730 887 820 926 ari&
838 890 879 920 et
897 897 986 920 cum
1005 886 1043 920 in
1062 883 1266 920 arboribus
1285 886 1376 933 ipsis

196 943 363 980 alienae.
419 943 512 980 ficus
540 946 578 979 in
605 943 714 979 lauro
740 949 836 979 nata
864 948 924 979 est
945 942 1076 993 Cyzici
1096 948 1191 979 ante
1210 941 1378 979 obsidio-

196 1015 311 1045 nemf.
342 1002 457 1039 simili
486 1002 605 1039 modo
629 1001 824 1038 Trallibus
853 1001 985 1051 palma
1015 1004 1054 1038 in
1083 1001 1167 1038 basi
1199 1000 1378 1038 Caesaris

195 1061 400 1098 dictatoris
421 1062 523 1099 circa
544 1060 648 1098 bella
669 1061 796 1098 civilia
819 1063 914 1097 eius.
970 1074 1042 1097 nec
1064 1074 1142 1097 non
1164 1066 1206 1097 et
1228 1059 1377 1097 Romae

197 1123 234 1157 in
263 1120 460 1170 Capitolio
488 1123 526 1156 in
555 1133 621 1156 ara
649 1119 779 1157 Ιονίε2
806 1119 910 1156 bello
938 1119 1069 1156 Persei
1099 1125 1218 1156 enata
1247 1119 1376 1169 palma

196 1182 401 1216 victoriam
428 1178 730 1229 triumphosque
757 1178 985 1229 portendit3
1026 1178 1100 1215 hac
1127 1180 1378 1228 tempestati-

196 1238 268 1275 bus
287 1244 485 1288 prostrata
504 1238 646 1275 eodem
664 1238 748 1275 loco
766 1238 860 1275 ficus
879 1243 999 1274 enata
1018 1243 1080 1274 est
1100 1237 1158 1274 M.
1179 1237 1377 1274 Messalae

196 1297 240 1334 C.
263 1297 387 1334 Cassii
408 1310 615 1335 censorum
638 1297 775 1341 lustro,
797 1311 819 1333 a
841 1310 919 1347 quo
941 1303 1122 1346 tempore
1144 1296 1376 1346 pudicitiam

108 1361 170 1392 245
197 1357 425 1393 subversam
449 1356 537 1393 Piso
557 1359 687 1407 gravis
710 1361 848 1393 auctor
868 1356 1053 1405 prodidit.
1108 1369 1227 1405 super
1247 1358 1376 1392 omnia

198 1429 300 1466 quae
327 1429 516 1466 umquam
543 1415 679 1452 audita
706 1421 798 1451 sunt
826 1418 899 1451 erit
927 1415 1150 1464 prodigium
1178 1417 1216 1450 in
1244 1420 1377 1450 nostro

197 1488 294 1511 aevo
321 1474 487 1511 Neronis
512 1476 697 1523 principis
723 1476 835 1510 ruina
860 1473 1010 1510 factum
1038 1477 1075 1509 in
1101 1486 1196 1521 agro
1225 1472 1376 1509 Marru-

195 1536 298 1575 cino,
314 1532 438 1569 Vettii
463 1532 641 1570 Marcelli
660 1546 681 1569 e
697 1535 831 1582 primis
853 1535 1047 1582 equestris
1067 1532 1212 1568 ordinis
1232 1531 1377 1569 oliveto

253 1635 259 1653 ¹
286 1635 453 1666 Book-ham
471 1647 476 1665 :
503 1635 586 1666 urbe
604 1638 721 1676 postea
739 1634 841 1665 facta.

249 1678 261 1697 ²
285 1679 317 1709 in
334 1688 393 1709 ara
416 1678 507 1709 Iovis
526 1677 574 1709 cd.
603 1678 674 1708 l'at.
697 1678 769 1708 Lat.
793 1678 889 1714 3⁸61,
911 1688 954 1708 m.
973 1679 1010 1708 2:
1036 1677 1070 1707 in
1087 1677 1202 1717 capita
1221 1676 1270 1707 bis
1287 1676 1369 1708 rell.:

202 1720 234 1752 in
251 1722 362 1762 capite
379 1721 471 1753 Iovis
489 1721 623 1761 quidam
637 1720 730 1761 apud
746 1720 856 1752 Dalec.

231 1837 245 1851 ⁰
269 1831 493 1872 Presumably
523 1831 621 1871 noisy
651 1831 752 1862 [looks
783 1831 822 1861 of
850 1830 1010 1869 starlings
1042 1831 1193 1871 roosting
1225 1830 1258 1861 in
1288 1833 1376 1862 trees

192 1875 362 1916 produced
380 1875 447 1905 this
465 1874 675 1915 impression,
692 1884 729 1904 as
746 1874 829 1914 they
847 1873 890 1904 do
907 1884 992 1905 even
1011 1874 1043 1904 in
1060 1873 1203 1904 London
1221 1883 1308 1904 now.

232 1918 244 1937 ὓ
271 1919 319 1958 By
339 1918 565 1955 Mithridatem,
582 1919 623 1948 75
642 1927 706 1949 B.C.

231 1966 242 1979 ‘
268 1962 413 1992 171-168
434 1972 497 1992 nm.

231 2004 245 2020 ‘¹
272 2006 330 2035 154
350 2014 415 2036 uc.

199 2068 263 2101 103
