1486 2359
410 141 597 178 PLINY:
651 139 914 177 NATURAL
951 139 1187 176 HISTORY

206 248 377 295 iurganti
414 245 591 281 Domitio
621 243 740 280 fuisse
775 242 1002 279 licenduml
1036 248 1196 291 praeter
1227 241 1385 279 arbores

209 320 372 359 iudicet,
395 322 472 355 iam
496 318 700 354 columnas
723 330 761 354 vl
779 318 793 340 ‘-'
817 317 1017 368 Hymettii
1031 319 1235 354 marmoris
1251 316 1385 354 aedili-

206 398 301 431 tatis
329 397 458 444 gratia
487 393 536 429 ad
565 406 726 429 scenam
755 392 974 429 ornandam
1003 391 1191 429 advectas
1218 394 1258 428 in
1286 394 1386 428 atrio

207 473 289 506 eius
310 469 451 505 domus
473 474 686 511 statum-at,
706 480 794 503 eum
817 470 854 503 in
877 467 1035 516 publico
1055 466 1231 503 nondum
1252 471 1385 504 essent

210 544 310 581 ullae
325 556 571 580 marmoreae
587 557 594 579 :
613 549 695 579 tam
713 556 851 579 recens
865 548 925 579 est
938 541 1141 592 opulentia
1158 543 1165 579 !
1192 547 1385 591 tantoque

213 626 305 656 tunc
336 619 422 668 plus
456 617 614 654 honoris
652 618 813 654 arbores
846 617 1029 654 domibus
1067 616 1305 653 adferebant
1343 622 1387 653 ut

207 697 290 731 sine
312 694 385 730 illis
406 707 456 730 ne
478 695 771 730 inimicitiarum
794 692 957 742 quidem
978 694 1150 742 pretium
1172 694 1387 729 servaverit

209 770 419 806 Domitius

181 866 187 881 ι
264 844 390 881 Fuere
423 844 473 880 ab
505 843 564 880 his
597 849 637 880 et
669 846 905 893 cognomina
938 845 1132 892 antiquis:
1181 842 1388 879 Frondicio

207 919 321 956 militi
348 919 400 956 illi
427 921 493 968 qui
518 918 722 968 praeclara
750 918 923 955 facinora
948 917 1184 955 Volturnum
1210 924 1388 955 transna-

208 1001 296 1031 tans
334 994 474 1030 fronde
512 996 683 1043 inposita
720 993 907 1030 adversus
944 992 1211 1030 Hannibalem
1248 992 1387 1037 edidit,

209 1069 415 1106 Stolonum
457 1069 631 1105 Liciniae
671 1070 805 1118 genti:
858 1071 915 1105 ita
954 1068 1181 1118 appellatur
1219 1071 1258 1104 in
1296 1070 1388 1118 ipsis

209 1145 411 1181 arboribus
456 1144 658 1181 fruticatio
701 1143 865 1187 inutilis,
907 1143 1014 1180 unde
1058 1149 1100 1180 et
1142 1146 1389 1193 pampinatio

210 1223 369 1256 inventa
389 1222 514 1268 primo
533 1219 684 1255 Stoloni
704 1218 818 1255 dedit
838 1232 995 1255 nomen.
1052 1217 1127 1255 fuit
1145 1224 1186 1255 et
1205 1218 1386 1255 arborum

210 1308 301 1331 cura
323 1294 476 1341 logum<
499 1297 648 1343 priscis,
668 1300 912 1343 cautumque
935 1300 994 1330 est
1017 1306 1072 1330 ΧΠ
1093 1293 1238 1331 tabulis
1258 1299 1303 1331 ut
1322 1296 1388 1344 qui

210 1372 348 1406 iniuria
370 1369 581 1406 cecidisset
604 1369 753 1405 alienas
775 1369 905 1405 lueret
926 1371 965 1405 in
987 1368 1161 1418 singulas
1182 1371 1282 1405 aeris
1302 1381 1387 1406 xxv.

211 1445 305 1495 quid
352 1447 639 1487 existimamus,
685 1450 924 1480 venturasne
971 1457 1037 1480 eas
1081 1443 1294 1481 credidisse
1338 1443 1388 1481 ad

209 1533 327 1569 supra
354 1520 502 1557 dictam
532 1522 854 1556 aestimationem
885 1519 969 1556 illos
997 1522 1064 1568 qui
1093 1519 1153 1556 vel
1181 1518 1389 1569 frugiferas

172 1603 190 1631 ⁸
210 1597 312 1631 tanti
332 1601 569 1632 taxaverant
584 1595 597 1630 Ρ
651 1608 724 1631 nec
742 1597 870 1631 minus
887 1593 1119 1631 miraculum
1137 1597 1175 1630 in
1193 1607 1311 1644 pomo
1327 1600 1388 1632 est

210 1670 423 1707 multarum
443 1673 545 1707 circa
563 1670 791 1707 suburbana
810 1669 941 1707 fructu
961 1683 1092 1706 annuo
1110 1669 1271 1707 addicto
1289 1670 1388 1707 binis

210 1745 365 1781 milibm
397 1758 617 1789 nummum,
649 1748 797 1781 maiore.
829 1745 1073 1795 singularum
1106 1745 1237 1782 reditu
1267 1758 1387 1795 quam

210 1826 295 1857 erat
328 1820 433 1869 apud
462 1820 651 1870 ’antiquos
684 1820 950 1869 praediorum.
1005 1820 1056 1856 ob
1090 1819 1164 1857 hoc
1197 1822 1314 1857 insita
1346 1825 1388 1857 et

211 1896 394 1932 arborum
425 1908 583 1945 quoque
614 1895 810 1932 adulteria
841 1898 1072 1945 excogitata
1102 1900 1208 1939 sunt,
1240 1901 1284 1932 ut
1314 1907 1387 1932 nec

518 1981 528 1999 ¹
554 1980 728 2021 Mayhoss:
753 1980 944 2011 dicendum.

514 2023 526 2041 ²
553 2023 683 2055 Urlichs
699 2023 753 2064 (cs.
773 2023 939 2055 XXXVI.
957 2024 1012 2062 7):
1040 2032 1088 2055 lv.
