1486 2359
119 633 177 662 109

120 1045 176 1073 llo

118 1456 168 1485 111

412 169 600 208 PLINY:
652 169 915 208 NATURAL
953 168 1188 207 HISTORY

207 281 375 324 utraque
403 274 651 323 deprimatur
677 286 820 316 manu;
861 279 903 310 et
930 273 1075 324 alioqui
1101 272 1175 310 hoc
1200 275 1240 311 in
1266 285 1386 323 opere

205 334 308 370 duae
322 333 437 370 simul
449 346 588 369 manus
602 335 730 369 minus
744 335 940 375 nituntur,
953 334 1175 369 necessario
1186 337 1387 381 tempera-

205 398 353 428 mento.
407 391 571 428 validius
582 391 742 428 demissi
753 391 905 428 tardius
917 390 1065 434 ferunt,
1075 390 1215 428 fortius
1227 390 1386 434 durant,

204 453 400 487 contrarie
415 450 430 473 ¹
446 463 495 487 ex
511 451 677 487 diverso.
726 463 776 487 ne
788 449 914 487 hiscat
928 452 1092 486 nimium
1105 452 1203 486 rima
1214 449 1385 500 laxeque

204 512 352 558 capiat,
375 515 444 546 aut
468 522 517 545 ne
541 522 696 558 parum,
717 514 760 545 ut
775 507 790 531 ²
813 511 1011 558 exprimat
1034 514 1104 545 aut
1131 521 1384 558 conpressum

205 574 321 605 necet
335 580 344 610 ;
366 567 438 605 hoc
450 570 624 604 maxime
634 567 855 604 cavendum
867 570 908 604 in
918 567 1145 617 praevalide
1157 569 1385 618 accipientis

203 633 354 663 trunco.
410 627 486 664 ut³
529 625 693 663 media⁴
732 627 869 663 fissura
906 625 1185 676 relinquatur,⁵
1223 626 1384 677 quidam

205 688 372 735 vestigio
389 685 549 722 fissurae
565 684 667 722 falce
684 688 723 722 in
738 688 887 722 truncis
903 684 1011 722 facto
1027 684 1145 722 salice
1160 684 1386 735 praeligant

206 747 426 795 marginem
459 747 602 794 ipsum,
634 750 775 793 postea
806 757 933 781 cuneo
966 744 1122 781 findunt
1153 746 1385 782 continente

204 803 358 840 vinculo
374 803 604 840 libertatem
621 802 862 840 dehiscendi.
918 802 1116 853 quaedam
1133 805 1172 840 in
1187 802 1385 852 plantario

205 865 321 899 insita
351 861 492 899 eodem
519 862 584 899 die
612 861 918 899 transferuntur.
973 865 1005 898 si
1031 864 1196 899 crassior
1222 867 1384 900 truncus

205 924 415 963 inseratur,
451 923 556 957 inter
588 923 777 958 corticem
813 926 856 957 et
891 920 1042 971 lignum
1076 923 1195 957 inseri
1230 920 1384 966 melius,

204 993 330 1016 cuneo
363 982 514 1028 optime
548 992 660 1016 osseo
693 982 842 1016 cortice
877 979 961 1016 ne⁶
995 985 1202 1029 rumpatur
1234 979 1382 1017 laxato.

203 1041 327 1074 cerasi
363 1038 461 1074 libro
495 1038 660 1087 dempto
696 1038 910 1075 finduntur.
966 1037 1042 1075 hae
1076 1037 1184 1075 solae
1218 1044 1260 1076 et
1294 1044 1384 1089 post

204 1097 384 1133 brumam
426 1099 664 1134 inseruntur.
721 1097 886 1147 dempto
927 1097 1025 1134 libro
1066 1096 1219 1134 habent
1260 1097 1383 1135 veluti

204 1155 446 1205 lanuginem,
471 1169 573 1206 quae
598 1158 628 1193 si
653 1155 941 1206 conprehendit
966 1158 1127 1193 insitum
1152 1155 1381 1206 putrefacit.

204 1214 434 1251 vinculum⁷
472 1228 599 1251 cuneo
641 1214 814 1252 adacto⁸
852 1214 1058 1252 utilissime
1101 1215 1383 1266 adstringitur3

204 1276 376 1310 inserere
407 1276 654 1323 aptizsimum
685 1287 804 1324 quam
834 1277 1012 1324 proxime
1042 1280 1175 1311 terrae
1204 1277 1384 1324 patiatur

204 1332 396 1369 nodorum
451 1335 660 1382 truncique
716 1335 830 1370 ratio.
886 1336 1060 1370 eminere
1115 1332 1258 1370 calami
1311 1347 1382 1372 sex

204 1391 418 1439 digitorum
439 1391 687 1438 longitudine
709 1405 785 1428 non
807 1391 974 1441 amplius
994 1392 1157 1429 debent.

252 1451 353 1486 Cato
405 1450 568 1498 argillae
622 1450 682 1487 vel
733 1457 869 1488 cretae
922 1449 1112 1488 harenam
1166 1451 1381 1502 fimumque

203 1508 394 1545 bubulum
428 1509 667 1545 admieceri⁹
699 1515 821 1559 atque
854 1512 912 1546 ita
944 1522 1070 1560 usque
1102 1509 1153 1547 ad
1185 1509 1379 1548 lentorem

429 1590 438 1607 ¹
463 1588 652 1619 Rari-Imm:
678 1590 856 1620 contraria.

426 1631 438 1649 ²
461 1630 644 1671 hodesca:
669 1636 714 1662 et.

424 1674 438 1692 ³
462 1679 499 1704 ut
518 1674 673 1714 illa-ulwsj
685 1687 691 1704 :
717 1675 761 1705 in.

425 1718 437 1735 ⁴
461 1717 618 1748 modica?
637 1717 799 1758 Jhryhoff.

427 1759 439 1778 ⁶
463 1760 569 1791 lidda
596 1760 799 1801 relinquant.

424 1803 437 1820 ⁸
462 1812 502 1833 ne
518 1803 592 1832 add.
611 1802 778 1834 erckham
795 1807 924 1842 (cortex
941 1814 983 1835 ne
1002 1803 1179 1845 Mayhoff).

424 1845 436 1863 ⁷
462 1845 657 1877 Schneider:
683 1846 859 1878 incolume.

423 1889 436 1907 ⁸
461 1888 655 1919 Schneider:
681 1889 853 1921 adactum.

422 1931 435 1950 ⁹
459 1930 647 1962 Book-ham:
672 1932 848 1963 admiscet.

204 1999 1370 2010 ,ῥύῃ-ὴ

715 2049 731 2065 ·
754 2046 827 2078 XL.
845 2047 898 2078 2f.

198 2091 243 2139 76
