1486 2359
129 406 187 437 301

131 1309 193 1339 303

131 1798 194 1828 :304

428 157 617 195 PLINY:
660 157 924 196 NATURAL
959 158 1195 196 HIS'l'ORY

220 261 357 297 barum
399 273 537 297 semen
578 267 760 298 exurant.
815 263 913 297 ritus
953 260 1126 298 diversos
1166 261 1400 311 magnitudo

220 330 312 367 facit
332 333 518 367 messium
539 336 580 367 et
597 333 739 367 raritas
757 333 1036 380 operariorum.

271 400 459 437 LXXIII.
490 400 651 437 Conexa
702 406 762 437 est
812 403 913 437 ratio
962 399 1152 437 frumenti
1202 400 1396 437 servandi.

219 469 359 506 horrea
381 483 545 519 operose
567 470 752 519 tripedali
769 469 1030 507 crassitudine
1051 472 1213 520 parietis
1234 469 1399 508 latericii

220 540 472 576 exaedificari
496 540 634 576 iubent
661 539 794 589 aliqui,
818 545 1029 590 praeterea
1053 552 1223 590 superne
1248 539 1399 589 impleri

220 624 291 645 nec
323 609 494 646 adflatus
527 609 742 646 admittere
775 614 845 646 aut
878 609 1074 646 fenestras
1106 607 1254 646 habere
1288 609 1400 653 ullam,

219 679 283 716 alii
302 679 353 716 ab
371 686 513 716 exortu
531 686 691 716 tantum
710 682 861 716 aestivo
879 685 948 716 aut
966 682 1254 729 septentrione,
1272 692 1399 729 eaque

219 752 302 786 sine
326 749 435 786 calce
459 753 648 793 construi,
673 752 860 799 quoniam
885 752 935 786 sit
960 749 1161 786 frumento
1185 752 1399 786 inimicissi-

219 828 283 850 ma
297 826 306 857 ;
334 827 427 851 nam
441 827 543 864 quae
557 814 606 851 de
620 827 780 850 amurca
793 817 1119 864 praeciperentur
1130 814 1398 851 indicavimus.

219 884 309 920 alibi
336 890 474 921 contra
500 884 749 934 suspendunt
775 887 961 934 granaria
987 883 1119 934 lignea
1143 883 1333 921 columnis
1359 890 1400 921 et

220 953 376 1003 perflari
401 954 577 1004 undique
598 953 767 994 malunt,
788 960 911 1004 atque
933 956 1056 991 etiam
1077 954 1126 990 a¹
1147 953 1282 991 fundo.
1337 954 1400 990 alii

219 1027 378 1061 omnino
406 1024 611 1074 pendente
639 1023 825 1061 tabulato
855 1026 1064 1060 extenuari
1097 1037 1265 1074 granum
1300 1023 1400 1060 arbi-

217 1099 376 1130 trantur
399 1100 442 1130 et
465 1096 496 1130 si
521 1093 666 1144 tegulis
692 1094 897 1130 subiaceat
922 1093 1230 1130 confervescere.
1286 1092 1400 1130 multi

223 1163 416 1200 ventilare
456 1177 614 1214 quoque
655 1170 817 1206 vetant;
870 1163 1137 1200 curculionem
1177 1166 1282 1200 enim
1322 1177 1400 1200 non

221 1233 463 1270 descendere
514 1233 615 1270 infra
665 1239 856 1283 quattuor
904 1233 1063 1281 digitos,
1113 1246 1185 1270 nec
1234 1233 1400 1283 amplius

222 1303 446 1352 periclitari.
503 1303 721 1340 Columella
739 1309 778 1339 et
796 1303 994 1340 favonium
1014 1309 1175 1340 ventum
1191 1303 1370 1340 conlecto
1385 1303 1400 1327 ²

220 1373 421 1410 frumento
439 1373 646 1423 praedicit,
665 1373 770 1423 quod
790 1376 908 1409 miror
927 1373 1127 1423 equidem.
1145 1376 1398 1410 siccissimum

221 1443 379 1493 alioqui.
438 1450 529 1480 sunt
544 1446 610 1493 qui
629 1444 771 1480 rubeta
790 1457 883 1479 rana
903 1446 941 1479 in
960 1443 1092 1479 limine
1112 1443 1238 1480 horrei
1257 1443 1359 1493 pede
1378 1457 1400 1479 ο

221 1513 460 1560 longioribus
479 1527 668 1562 suspensa
687 1512 872 1549 invehere
891 1513 1067 1549 iubeant.
1124 1513 1234 1549 nobis
1252 1512 1399 1550 referre

221 1583 432 1632 plurimum
457 1586 750 1632 tempestivitas
775 1583 970 1620 condendi
995 1583 1215 1627 videbitur;
1253 1596 1346 1620 nam
1369 1585 1400 1620 si

222 1666 360 1702 parum
401 1659 549 1689 tostum
589 1659 711 1703 atquc
751 1653 955 1689 robustum
994 1652 1203 1690 collectum
1242 1656 1292 1690 sit
1330 1659 1400 1689 aut

223 1723 392 1759 calidum
414 1723 632 1761 conditum.
654 1726 746 1759 vitia
769 1726 915 1759 innasci
938 1736 1098 1760 necesse
1120 1729 1192 1760 est.

273 1793 558 1829 Diuturnitatis
589 1806 732 1830 causae
764 1792 917 1842 plures:
965 1799 1034 1829 aut
1066 1795 1105 1829 in
1137 1795 1256 1842 ipsius
1287 1795 1398 1843 grani

221 1865 325 1899 corio
346 1876 434 1898 eum
458 1869 517 1899 est
540 1865 799 1905 numerosius,
821 1868 865 1899 ut
894 1862 1014 1905 milio,
1035 1868 1104 1899 aut
1126 1865 1205 1900 suci
1236 1865 1397 1913 pingue·

404 1978 413 1997 ¹
438 1988 457 2008 a
474 1978 548 2008 add.
565 1978 635 2009 edd.

402 2023 412 2039 ²
437 2021 589 2052 conlecto
608 2020 652 2052 vel
670 2024 827 2052 contecto
846 2021 1002 2061 ,llayltoss
1013 2033 1020 2052 ι
1046 2020 1211 2052 confecto.

219 2084 289 2127 378
