1486 2359
138 514 180 545 64

140 1119 181 1150 65

141 1811 181 1840 66

411 145 601 182 PLINY:
646 144 908 182 NATURAL
945 143 1182 181 HISTORY

207 249 349 292 bimus,
370 255 414 286 ut
443 261 639 299 spongeas
668 251 708 285 in
737 261 872 285 umore
902 253 1107 298 pratorum
1137 253 1384 285 enascentes.

208 335 419 386 fungorum
453 337 558 372 enim
589 334 734 372 callum
762 337 801 371 in
830 334 925 384 ligni
955 334 1220 385 arborumque
1246 338 1389 371 natura

207 423 377 459 diximus
399 427 441 458 et
461 421 537 458 alio
557 435 706 472 genere
725 421 915 459 tuberum
935 420 1054 470 paulo
1073 426 1181 458 ante.

257 507 413 546 XXIII.
443 507 733 558 Cartilaginum
753 509 909 558 generis
936 513 1132 557 extraque
1155 512 1305 544 terram
1329 513 1390 545 est

206 597 395 637 cucumis,
422 597 521 631 mira
548 593 757 644 voluptate
784 594 942 630 Tiberio
969 595 1135 643 principi
1165 595 1391 643 expetitus3

209 681 314 717 nullo
329 683 477 731 quippe
493 694 571 717 non
586 680 650 718 die
664 682 834 731 contigit
850 682 901 724 ei,
915 679 1088 730 pensiles
1104 693 1241 717 eorum
1257 679 1391 717 hortos

208 767 532 817 promoventibus
569 769 608 803 in
643 766 769 804 solem
805 769 901 803 rotis
938 765 1144 803 olitoribus
1181 779 1392 817 rursusque

208 853 380 890 hibernis
409 853 549 890 diebus
579 855 683 890 intra
713 852 979 903 specularium
1008 830 1259 890 munimenta
1281 865 1392 889 revo-

207 940 402 977 cantibus.
458 942 553 990 quin
578 945 619 977 et
643 939 748 977 lacte
773 939 899 977 mulso
925 941 1076 977 semine
1107 952 1244 977 eorum
1273 938 1394 991 biduo

208 1032 412 1064 macerato
436 1027 542 1076 apud
567 1029 751 1077 antiquos
777 1026 972 1063 Graeciae
997 1031 1178 1063 auctores
1203 1027 1392 1076 scriptum

209 1120 270 1150 est
299 1116 375 1150 seri
405 1119 604 1163 oportere,
634 1119 680 1151 ut
709 1113 903 1150 dulciores
935 1113 1045 1150 fiant.
1099 1118 1283 1150 crescunt
1313 1126 1391 1163 qua

207 1205 404 1251 coguntur
423 1199 572 1244 forma3
605 1203 644 1237 in
665 1199 783 1237 Italia
802 1199 949 1237 virides
969 1205 1011 1237 et
1031 1213 1149 1250 quam
1171 1201 1336 1245 minimi,
1354 1201 1393 1237 in

210 1289 416 1336 provinciis
442 1300 563 1337 quam
590 1289 753 1324 maximi
781 1292 823 1324 et
848 1289 970 1324 cerini
996 1292 1066 1323 aut
1092 1289 1192 1337 nigri
1219 1286 1392 1336 placent.

208 1375 463 1423 copiosissimi
514 1373 689 1417 Africae,
737 1373 989 1424 grandissimi
1042 1373 1235 1411 Moesiae.
1302 1386 1391 1410 cum

209 1460 485 1510 magnitudine
524 1473 745 1504 excessere,
778 1473 955 1510 pepones
995 1465 1198 1497 vocantur.
1257 1461 1393 1498 vivunt

209 1545 339 1583 hausti
374 1549 414 1583 in
448 1545 654 1584 stomacho
689 1549 729 1583 in
764 1552 970 1596 posterum
1005 1546 1114 1583 diem
1149 1559 1223 1583 nec
1258 1547 1392 1596 perfici

209 1637 362 1682 queunt
398 1634 436 1669 in
471 1632 582 1676 cibis,
618 1645 695 1669 non
732 1632 951 1670 insalubres
987 1632 1126 1670 tamen
1163 1613 1390 1688 plurimumss

210 1724 351 1755 natura
374 1718 505 1755 oleum
527 1718 647 1756 odere
669 1721 782 1763 mire,
805 1731 877 1756 nec
899 1721 1028 1756 minus
1051 1731 1175 1769 aquas
1197 1718 1394 1769 diligunt3

208 1805 359 1842 desecti
388 1817 546 1855 quoque
577 1804 629 1843 ad
657 1817 725 1842 eas
760 1805 914 1842 modice
943 1804 1147 1842 distantes
1179 1805 1394 1854 adrepunt,

207 1896 346 1927 contra
377 1890 507 1928 oleum
540 1890 744 1941 refugiunt
783 1896 867 1935 aut,
898 1893 929 1927 si
970 1890 1065 1941 quid
1097 1890 1232 1928 obstet
1265 1890 1327 1928 vel
1359 1891 1391 1928 si

211 1977 428 2026 pendeant,
457 1983 672 2014 curvantur
707 1979 1093 2029 intorquenturque;
1142 1976 1182 2014 id
1215 1975 1277 2014 vel
1312 1989 1391 2014 una

211 2095 279 2135 402
