1486 2359
434 150 624 188 PLINY:
668 149 930 187 NATURAL
966 148 1203 186 HISTORY

225 260 508 305 paupertatem
533 257 793 304 quietemque
816 253 1085 290 doctrinarum
1109 255 1144 290 ei
1167 253 1345 290 sciebant
1368 255 1406 289 in

137 325 202 355 ‘274
228 322 361 369 primis
385 318 490 355 cordi
516 331 615 361 esse,
639 324 761 368 atque
786 323 831 354 ut
855 319 1039 366 apparuit
1062 330 1181 353 causa
1205 323 1245 354 et
1269 319 1407 368 ingens

139 840 202 871 275

143 1551 206 1581 276

145 1809 207 1838 277

227 384 453 420 divitiarum
485 382 725 425 concursus‚¹
758 384 978 418 restituisse
1009 381 1234 418 mercedem
1266 384 1408 419 anxiae

227 454 267 485 et
304 448 443 484 avidae
477 447 727 484 dominorum
763 448 1052 496 poenitentiae,
1085 451 1320 483 contentum
1353 449 1409 483 ita

227 513 453 562 probavisse
479 525 574 561 opes
600 511 672 548 sibi
699 514 738 547 in
763 510 883 554 facili,
908 524 998 547 cum
1027 510 1161 554 vellet,
1186 509 1282 547 sore.
1337 509 1409 548 hoc

227 583 367 627 postca
394 576 554 613 Sextius
582 589 604 612 e
631 575 818 612 Romanis
845 577 1067 624 sapientiae
1094 574 1409 612 adsectatoribus

228 641 399 678 Athenis
453 640 547 677 fecit
602 640 743 677 eadem
799 642 963 676 ratione.
1019 645 1134 675 tanta
1188 639 1408 676 litterarum

229 709 381 742 occasio
399 711 474 748 est,
491 719 588 755 quas
607 704 791 755 equidem
811 704 984 741 miscebo
1001 703 1224 754 agrestibus
1242 706 1409 755 negotiis

228 785 347 820 quam
368 776 508 819 potero
527 769 698 806 dilucide
719 775 840 819 atque
863 771 1082 818 perspicue.

280 835 462 884 Plerique
491 834 627 870 dixere
656 847 784 871 rorem
813 836 988 870 inustum
1017 832 1099 869 sole
1126 834 1204 869 acri
1233 831 1410 883 frugibus

231 900 418 949 robiginis
440 912 601 935 causam
626 911 712 934 esse
736 904 775 934 et
800 897 1027 934 carbunculi
1051 897 1210 939 vitibus,
1233 897 1339 947 quod
1362 910 1411 934 ex

230 971 344 1014 parte
373 963 516 1000 falsum
547 963 729 1005 arbitror,
759 975 1001 1012 omnemque
1031 961 1237 998 uredinem
1267 960 1411 1012 frigore

231 1034 387 1065 tantum
422 1034 603 1064 constare
636 1027 717 1064 sole
752 1029 924 1064 innoxio.
981 1026 1019 1063 id
1052 1025 1309 1063 manifestum
1343 1026 1413 1064 fiet

229 1093 541 1129 adtendentibus
555 1105 564 1135 ;
581 1103 674 1128 nam
690 1094 861 1141 primum
877 1094 1055 1128 omnium
1072 1104 1150 1127 non
1166 1089 1238 1128 hoc
1254 1093 1411 1128 evenire

232 1161 303 1194 nis-i
337 1158 517 1194 noctibus
550 1163 591 1193 et
623 1162 718 1193 ante
749 1156 840 1193 solis
872 1155 1053 1192 ardorem
1086 1153 1412 1204 deprehenditur,

231 1228 443 1272 totumque
461 1221 587 1258 lunari
604 1223 757 1258 ratione
774 1226 946 1263 constat,
963 1222 1149 1270 quoniam
1167 1219 1257 1256 talis
1273 1221 1412 1256 iniuria

233 1301 309 1323 non
325 1287 366 1323 fit
382 1289 453 1323 nisi
467 1285 680 1322 interlunio
693 1285 860 1335 plenave
874 1284 982 1328 luna,
995 1283 1068 1322 hoc
1082 1290 1141 1321 est
1156 1283 1412 1334 praevalente

233 1358 453 1401 ——ulroque
474 1353 579 1387 enim
598 1349 739 1387 habitu
758 1349 876 1400 plena
897 1355 971 1393 est,
991 1355 1034 1386 ut
1053 1352 1210 1398 saepius
1229 1348 1413 1391 diximus,

232 1416 302 1453 sed
325 1415 536 1452 interlunio
558 1428 675 1452 omne
698 1414 833 1451 lumen
855 1414 961 1464 quod
983 1427 1006 1450 a
1027 1413 1108 1451 sole
1130 1415 1284 1463 accepit
1303 1413 1413 1451 caelo

234 1494 432 1527 regei-cns.
493 1479 716 1517 differentia
738 1482 943 1529 utriusque
966 1477 1125 1515 babitus
1141 1490 1302 1528 magna,
1317 1477 1413 1515 sed²

231 1545 464 1582 manifesta:
519 1557 692 1594 namque
732 1543 945 1580 interlunio
985 1548 1142 1580 aestate
1178 1542 1412 1579 calidissima

235 1617 309 1652 est,
338 1608 470 1645 bieme
500 1608 664 1659 gelida,³
696 1621 718 1646 e
747 1608 901 1645 diverso
936 1611 974 1644 in
1009 1607 1224 1657 plenilunio
1258 1612 1413 1644 aestate

234 1674 396 1724 frigidas
421 1673 515 1711 facit
541 1678 692 1717 noctes,
716 1671 848 1710 hieme
873 1672 1043 1722 tepidas.
1097 1685 1215 1709 causa
1240 1671 1414 1713 effidem,

235 1739 304 1775 sed
323 1738 397 1774 alia
416 1751 536 1788 quam
554 1737 734 1774 redditur
751 1750 774 1773 a
793 1737 969 1773 Fabiano
987 1736 1229 1786 Graecisque
1248 1738 1414 1773 auctori-

233 1804 317 1840 bus.
373 1808 529 1839 aestate
559 1804 663 1839 enim
693 1801 906 1838 interlunio
936 1814 1098 1838 necesse
1126 1806 1187 1837 est
1215 1813 1305 1838 cum
1332 1799 1413 1837 sole

506 1931 517 1949 ¹
543 1932 750 1961 concursus?
770 1929 944 1969 Jlayhoff:
971 1939 1098 1960 cursus.

505 1974 517 1992 ²
541 1983 663 2013 magna
680 1976 732 2004 eet
748 1976 784 2004 et
799 1973 982 2004 manifesta
1000 1971 1162 2012 Mayhoff.

509 2017 520 2035 ³
539 2017 682 2057 sorta-we
697 2015 915 2056 gelidissima.

237 2094 306 2141 362
