1486 2359
113 660 177 691 223

117 1237 181 1269 229

119 1687 182 1718 230

407 165 594 203 PLINY:
648 166 910 203 NATURAL
948 165 1184 203 HISTORY

203 270 327 307 fossor
353 273 538 307 iniurioso
564 272 646 307 ictu
673 270 912 312 verberavit,
938 269 999 306 vel
1027 272 1149 306 etiam
1176 269 1384 307 subarator

204 334 418 383 inprudens
438 334 589 370 luxavit
608 333 761 371 radices
780 346 969 383 corpusve
989 333 1290 383 desquamavit;
1323 340 1384 371 est

205 405 245 435 et
267 398 466 448 quaedam
485 400 666 435 contusio
686 397 796 435 falcis
817 397 1044 434 hebetioris.
1100 398 1242 447 quibus
1261 400 1384 435 omni-

204 463 276 499 bus
318 465 444 499 causis
486 461 677 499 difficilius
719 462 895 499 tolerant
937 461 1084 512 frigora
1125 467 1195 498 aut
1237 467 1385 505 aestus,

205 529 390 576 quoniam
428 529 468 563 in
505 526 614 563 ulcus
651 532 841 576 penetrat
878 528 1019 562 iniuria
1056 528 1182 563 omnis
1219 539 1242 562 a
1278 525 1384 564 foris.

205 591 467 627 infirmissima
484 604 577 627 vero
593 590 735 634 malus,
752 593 926 627 maxime
943 603 1152 640 quaequae
1169 590 1292 627 dulcis
1311 596 1384 628 est.

205 655 441 705 quibusdam
467 654 652 692 debilitas
678 654 949 698 sterilitatem,
974 668 1051 691 non
1077 667 1215 692 necem
1241 654 1386 698 adfert,

207 725 251 756 ut
270 721 300 755 si
324 722 409 769 quis
433 721 526 769 pino
547 732 737 756 cacumen
762 718 918 756 auferat
942 719 1003 756 vel
1024 719 1204 769 palmae;
1236 719 1387 756 sterile-

205 789 319 820 scunt
347 786 451 820 enim
479 797 551 820 nec
577 786 810 820 moriuntur.
866 789 1077 833 aegrotant.
1104 783 1316 833 aliquando
1345 790 1387 820 et

206 861 323 897 poma
339 851 420 897 ipsa
437 861 509 897 per
523 861 564 884 se
580 850 663 884 sine
679 848 833 890 arbore,
849 850 878 884 si
896 850 1125 885 necessariis
1141 848 1386 897 temporibus

206 912 351 948 imbres
381 918 450 949 aut
478 918 637 961 tepores
667 912 728 949 vel
757 912 928 949 adflatus
958 911 1122 949 defuere
1152 918 1220 949 aut
1249 917 1387 949 contra

207 976 482 1019 abundavere;
538 976 728 1013 decidunt
771 979 875 1012 enim
918 982 987 1013 aut
1029 976 1229 1013 deteriora
1272 976 1385 1013 fiunt.

207 1043 421 1089 pessimum
443 1046 503 1077 est
524 1043 629 1077 inter
649 1043 781 1076 omnia
802 1054 891 1077 cum
913 1040 1244 1077 deflorescentem
1265 1042 1386 1077 vitem

208 1111 249 1141 et
288 1104 418 1141 oleam
457 1107 650 1154 percussit
690 1105 830 1148 imber,
869 1107 1056 1154 quoniam
1095 1104 1210 1141 simul
1248 1104 1387 1142 defluit

206 1168 369 1206 fructus.

257 1232 357 1270 Sunt
383 1246 433 1270 ex
459 1233 601 1270 eadem
626 1247 747 1270 causa
771 1239 982 1270 nascentes
1009 1239 1050 1270 et
1075 1246 1235 1277 urucae,
1259 1233 1387 1270 dirum

209 1297 368 1341 animal,
403 1297 652 1347 eroduntque
685 1297 882 1341 frondem,
913 1297 1015 1334 aliae
1048 1297 1183 1334 florem
1217 1310 1389 1348 quoque,

207 1361 430 1404 olivarum‚1
455 1368 500 1398 ut
525 1364 563 1398 in
591 1361 748 1405 Mileto,
773 1375 817 1398 ac
842 1362 1052 1411 depastam
1077 1362 1257 1399 arborem
1282 1364 1388 1412 turpi

208 1426 308 1462 facie
332 1425 573 1476 relinquunt.
629 1429 804 1463 nascitur
827 1425 899 1463 hoc
922 1425 1070 1463 malum
1093 1432 1232 1475 tepore
1256 1426 1389 1463 umido

209 1497 250 1527 et
276 1490 406 1533 lento;
443 1490 487 1527 fit
512 1490 618 1527 aliud
645 1503 693 1527 ex
720 1491 860 1527 codem
887 1493 917 1527 si
942 1490 1000 1527 sol
1032 1493 1157 1527 acrior
1189 1493 1389 1527 insecutus

210 1557 347 1591 inussit
369 1557 496 1603 ipsum
511 1557 650 1591 vitium
665 1555 834 1604 ideoque
848 1557 1031 1591 mutavit.
1086 1560 1146 1591 est
1168 1557 1388 1591 etiamnum

209 1618 407 1667 peculiare
447 1619 555 1655 olivis
593 1625 635 1655 et
670 1619 1058 1656 vitibus—araneum
1102 1625 1387 1656 vocant—cum

209 1681 331 1719 veluti
352 1682 459 1719 telae
479 1682 680 1719 involvunt
702 1683 874 1720 fructum
894 1689 935 1720 et
953 1683 1180 1720 absumunt.
1216 1683 1389 1720 adurunt

210 1753 251 1784 et
280 1746 397 1784 flatus
427 1747 589 1797 quidam
619 1761 687 1783 eas
716 1750 903 1791 maxime,
932 1747 1001 1784 sed
1031 1753 1072 1784 et
1101 1747 1196 1784 alios
1224 1746 1388 1784 fructus.

210 1824 302 1848 nam
316 1811 682 1849 vermiculationem
701 1818 742 1849 et
758 1825 875 1861 poma
889 1814 973 1861 ipsa
986 1825 1057 1861 per
1069 1824 1110 1849 se
1125 1811 1361 1861 quibusdam
1375 1810 1390 1834 ²

521 1963 529 1981 ¹
560 1961 713 1993 Urlichs:
738 1962 904 1993 olivarum
924 1972 1068 2002 quoque.

521 2006 533 2024 ¹
560 2005 732 2046 Mayhofs:
759 2004 963 2046 quibusdam
981 2006 1088 2036 annis.

213 2093 278 2136 158
