1486 2359
100 310 159 341 138

101 1077 162 1110 139

102 1567 162 1599 140

394 200 584 239 PLINY:
627 200 891 239 NATURAL
928 199 1165 238 HISTORY

186 304 402 347 fastiditus,
424 318 502 341 non
526 307 611 342 sine
630 306 899 355 castigatione
919 304 1067 341 Tiberii
1090 306 1226 353 patris.
1281 310 1372 354 post

187 388 344 424 cymam
366 387 415 411 ex
437 374 581 411 eadem
600 374 775 411 brassica
795 376 1035 424 contingunt
1055 376 1195 410 aestivi
1215 380 1371 411 autum-

188 443 378 494 nalesque
408 443 604 488 cauliculi,
635 457 727 480 mox
758 442 928 488 hiberni,
959 446 1186 494 iterumque
1217 456 1373 494 cymae,

188 513 294 551 nullo
323 527 452 564 aeque
480 527 630 565 genere
659 513 875 558 multifero,
904 513 1031 551 donec
1061 512 1273 551 fertilitate
1301 526 1373 550 sua

186 589 455 621 consumatur.
510 583 638 620 altera
663 586 766 620 satio
793 583 843 619 ab
870 585 1124 633 aequinoctio
1150 596 1271 620 verno
1297 589 1373 627 est,

187 656 297 691 cuius
321 653 460 703 planta
485 659 667 690 extremo
691 666 783 690 vere
808 653 1030 704 plantatur,
1054 666 1104 689 ne
1128 655 1234 703 prius
1257 666 1373 704 cyma

188 737 308 774 quam
335 723 448 760 caule
475 726 628 773 pariat;
669 725 791 760 tertia
818 725 921 760 circa
947 722 1176 767 solstitium,
1203 736 1253 760 ex
1281 736 1373 773 qua,

187 795 219 830 si
256 793 425 830 umidior
461 793 568 830 locus
606 799 681 837 est,
717 799 889 837 aestate,
925 795 956 829 si
992 794 1142 836 siccior,
1178 798 1373 830 autumno

188 862 406 913 plantatur.
462 876 576 900 umor
595 863 813 913 fimumque
832 865 863 899 si
882 862 1064 906 defuere,
1083 865 1207 899 maior
1224 865 1373 912 saporis

188 935 320 984 gratia
350 938 426 977 est,
454 935 485 970 si
515 933 785 977 abundavere,
813 932 956 969 laetior
984 932 1181 970 fertilitas.
1237 932 1373 970 fimum

189 1005 384 1040 asininum
406 1006 580 1041 maxime
600 1007 798 1041 convenit.

240 1073 312 1110 Est
329 1072 427 1111 haec
443 1087 601 1124 quoque
616 1087 678 1111 res
693 1077 798 1110 inter
811 1086 932 1123 opera
946 1086 1116 1124 ganeae,
1131 1079 1375 1125 quapropter

190 1156 267 1180 non
286 1144 441 1193 pigebit
460 1144 661 1181 verbosius
681 1146 879 1194 persequi.
935 1146 1171 1194 praecipuus
1191 1144 1235 1181 fit
1252 1144 1373 1181 caulis

187 1226 328 1263 sapore
348 1227 394 1250 ac
413 1214 692 1263 magnitudine
712 1216 883 1263 primum
904 1216 1080 1250 omnium
1099 1216 1130 1250 si
1150 1216 1189 1250 in
1208 1216 1373 1264 repasti-

189 1289 285 1320 nato
315 1296 436 1327 seras,
466 1283 558 1320 dein
593 1286 623 1320 si
653 1289 802 1320 terram
836 1283 1037 1334 fugientes
1067 1283 1278 1320 cauliculos
1313 1297 1371 1321 se-

189 1366 312 1403 quare
331 1359 439 1390 tcrra
460 1353 782 1403 adtollentesque
798 1353 812 1376 ¹
833 1366 875 1390 se
905 1356 1145 1403 proceritate
1174 1353 1373 1391 luxuriosa

190 1423 474 1473 exaggerando
514 1423 633 1460 aliam
673 1423 898 1460 accumules
938 1425 996 1460 ita
1036 1436 1085 1460 ne
1125 1423 1212 1474 plus
1253 1437 1372 1474 quam

188 1506 379 1529 cacumen
399 1495 588 1530 emineat.
643 1493 865 1529 Tritianum
884 1492 957 1530 hoc
974 1506 1101 1544 genus
1120 1499 1296 1536 vocatur,
1314 1494 1373 1530 bis

189 1562 433 1612 conputabili
456 1563 643 1612 inpendio
663 1563 893 1613 taedioque.
947 1568 1083 1600 cetera
1103 1576 1252 1613 genera
1268 1577 1372 1600 com-

190 1632 301 1682 plura
320 1638 434 1669 sunt:
469 1632 692 1669 Cumanum
710 1633 845 1669 sessile
862 1632 877 1656 ²
895 1631 1002 1677 folio,
1018 1635 1150 1682 capite
1168 1632 1373 1682 patulum;

190 1703 394 1738 Aricinum
422 1702 635 1739 altitudine
664 1716 742 1739 non
771 1702 978 1745 excelsius,
1006 1701 1099 1739 folio
1127 1705 1372 1739 numerosius

190 1785 309 1821 quam
326 1772 341 1795 ³
395 1775 594 1815 tenerius3
611 1771 626 1795 ⁴¹
681 1771 754 1808 hoc
811 1771 1062 1808 utilissimum
1121 1774 1373 1809 existimatur

190 1844 282 1891 quia
324 1841 397 1878 sub
436 1842 618 1878 omnibus
656 1855 786 1891 paene
825 1841 926 1878 foliis
969 1841 1131 1878 fruticat
1171 1841 1372 1879 cauliculis

235 1944 244 1962 ¹
271 1943 307 1974 C.
326 1943 366 1974 F.
390 1943 437 1974 W.
456 1943 597 1975 Mueller
613 1955 620 1974 ι
645 1943 873 1984 tollentesque
889 1948 946 1975 aut
964 1943 1196 1984 dolentesque.

233 1987 244 2005 ²
267 1986 371 2017 sessili
388 1986 436 2018 cd.
454 1987 533 2018 Par.
552 1987 624 2017 Lat.
641 1988 738 2018 6795.

233 2030 245 2048 ⁸
270 2031 351 2061 ΙιίΙιΙ.
369 2042 375 2060 :
403 2031 459 2070 φῖ]
476 2033 534 2061 aut
550 2031 620 2070 quo
634 2033 693 2061 aut
709 2040 778 2070 quo
794 2029 863 2061 cdd.
883 2030 1058 2069 (quoniam
1075 2029 1124 2061 cd.
1143 2028 1270 2067 Tolet.).

231 2073 244 2091 ⁴
272 2073 443 2114 Mayhoff:
469 2074 616 2105 tenuius.

189 2144 260 2181 510
