1486 2359
137 372 178 402 66

137 782 176 813 67

137 1193 179 1225 68

407 145 599 183 PLINY:
646 145 911 184 NATURAL
948 144 1186 184 HISTORY

203 254 380 298 posteros
403 248 647 284 Graecorum
669 246 819 284 nullam
839 249 1087 284 mentionem
1109 246 1222 284 huius
1245 247 1385 286 fecisse

201 306 403 344 frumenti.

258 365 369 402 Nunc
395 378 444 402 ex
469 367 513 401 iis
527 364 541 387 ¹
564 364 777 415 generibus
798 377 903 414 quae
923 363 1092 402 Romam
1106 363 1122 388 ²
1145 363 1388 402 invehuntur

204 424 443 461 levissimum
459 430 519 460 est
533 422 728 460 Gallicum
747 429 870 474 atque
891 422 1137 461 Chersoneso
1157 423 1384 468 advectum,

204 486 351 533 quippe
384 496 462 519 non
495 483 696 520 excedunt
727 481 848 520 modii
880 484 1038 520 vicenas
1069 482 1203 527 libras,
1234 485 1265 520 si
1298 485 1386 534 quis

203 555 371 592 granum
405 544 533 590 ipsum
566 541 775 591 ponderet.
829 540 1000 578 Sardum
1032 541 1154 579 adicit
1185 540 1388 586 selibram,

204 600 520 637 Alexandrinum
547 606 588 637 et
615 597 933 637 trientem—hoc
959 605 1001 637 et
1025 598 1143 637 Siculi
1168 600 1387 650 pondus—,

205 659 410 696 Baeticam
427 665 558 696 totam
575 658 716 695 libram
733 658 861 703 addit,
878 657 1058 696 Africum
1075 665 1118 696 et
1134 659 1386 697 dodrantem.

205 721 243 754 in
264 718 536 768 transpadana
558 717 676 754 Italia
695 720 775 755 scio
797 720 954 754 vicenas
975 720 1116 768 quinas
1136 717 1255 755 libras
1275 717 1389 756 farris

204 777 354 814 modios
381 777 572 827 pendere,
598 779 701 813 circa
728 776 905 813 Clusium
932 782 975 814 et
1001 789 1132 814 senas.
1186 776 1252 814 lex
1277 783 1389 815 certa

205 842 373 872 naturae
391 842 434 872 ut
453 838 492 872 in
510 848 762 886 quocumque
777 848 927 886 genere
944 837 1038 885 pani
1055 835 1217 873 militari
1231 836 1246 859 ³
1266 839 1390 874 tertia

204 897 333 944 portio
373 894 424 931 ad
463 897 577 945 grani
617 894 771 944 pondus
813 894 996 938 accedat,
1036 896 1137 931 sicut
1178 900 1389 945 optumum

204 953 451 990 frumentum
481 966 567 990 esse
599 953 705 1003 quod
734 956 773 990 in
802 953 1015 990 subactum
1043 955 1230 1004 congium
1260 967 1389 1005 aquae

203 1015 349 1062 capiat.
404 1012 642 1062 quibusdam
672 1012 886 1063 generibus
916 1025 988 1062 per
1017 1025 1059 1050 se
1089 1012 1258 1063 ponduS,
1287 1015 1388 1051 sicut

205 1070 395 1108 Baliarico
411 1071 543 1108 modio
559 1074 679 1108 tritici
695 1073 808 1121 panis
824 1084 862 1121 p.
881 1083 980 1108 xxxv
995 1070 1133 1115 redit,⁴
1151 1071 1389 1122 quibusdam

206 1144 283 1167 non
301 1133 372 1167 nisi
387 1130 402 1153 ⁵
421 1133 570 1174 mixtis,
587 1136 631 1167 ut
649 1129 794 1180 Cyprio
812 1136 854 1167 et
870 1129 1143 1167 Alexandrino
1160 1143 1209 1167 xx
1224 1143 1296 1181 per
1312 1144 1355 1168 se
1372 1131 1388 1154 ⁶

205 1188 322 1225 libras
379 1203 456 1225 non
513 1189 814 1227 excedentibus.
870 1188 1061 1240 Cyprium
1116 1188 1271 1227 fuscum
1327 1195 1389 1227 est

205 1261 430 1298 panemque
471 1251 626 1297 nigrum
663 1247 774 1292 facit,
812 1251 950 1298 itaque
988 1250 1178 1286 miscetur
1214 1248 1390 1286 Alexan-

205 1307 361 1344 drinum
403 1307 632 1349 candidum,
675 1307 927 1357 redeuntque
970 1319 1044 1344 xxv
1086 1307 1232 1357 pondo.
1286 1307 1389 1346 The-

205 1366 362 1402 baicum
400 1366 541 1402 libram
579 1366 713 1403 adicit.
767 1369 920 1403 marina
959 1379 1062 1416 aqua
1100 1367 1244 1417 subigi,
1282 1367 1388 1417 quod

205 1425 383 1475 plerique
405 1427 444 1461 in
467 1427 674 1462 maritimis
695 1425 788 1462 locis
809 1424 962 1462 faciunt
983 1427 1190 1462 occasione
1212 1425 1387 1463 lucrandi

204 1483 308 1526 salis,
331 1483 648 1520 inutilissimumz
686 1497 764 1520 non
788 1483 864 1520 alia
887 1484 938 1521 de
960 1497 1081 1520 causa
1104 1487 1387 1534 opportuniora

204 1542 349 1579 morbis
401 1555 564 1592 corpora
618 1545 808 1579 existunt.
865 1542 1020 1580 Galliae
1073 1548 1116 1580 et
1169 1542 1386 1593 Hispaniae

257 1623 266 1641 ¹
294 1622 482 1652 Rath-ham:
509 1621 570 1653 his.

253 1665 264 1683 ²
289 1665 392 1696 E‹Id.:
420 1666 530 1696 Roma
546 1669 604 1695 aut
624 1666 763 1696 Romae.

254 1709 266 1726 ³
291 1708 411 1739 miliari
429 1708 602 1748 Dades-een.

253 1750 265 1768 ⁴
292 1751 476 1792 Detlessen:
503 1751 624 1782 reddit.

254 1793 266 1811 ⁵
289 1804 357 1825 non
373 1794 436 1825 nisi
457 1794 506 1825 cd.
539 1795 607 1825 l'al.
630 1793 702 1825 Lat.
725 1795 824 1831 3861,
843 1804 888 1825 m.
906 1795 943 1826 2:
969 1794 1003 1826 in
1027 1794 1115 1835 pinis
1131 1793 1217 1827 rell.:
1243 1795 1278 1827 in
1295 1794 1386 1827 binis

211 1837 338 1867 (1'aelcn.:
367 1836 454 1868 binis
470 1837 658 1868 Hardoain.

255 1880 268 1898 ⁶
292 1880 481 1911 Rack-ham:
508 1889 558 1912 xx
575 1890 689 1921 prope.

243 1974 311 2047 J'llA
343 1974 549 2014 conjectura!
579 1974 796 2006 emendation
827 1974 920 2015 gives
952 1974 1010 2006 ‘of
1037 1974 1140 2006 bread
1171 1975 1270 2007 mado
1299 1975 1382 2007 from

205 2028 248 2048 111¹
278 2016 342 2047 ρι’.

204 2090 271 2126 ²3²
