1486 2359
109 1189 150 1220 96

107 1468 147 1499 97

383 171 550 209 PLINY
564 185 572 209 :
615 172 880 211 NATURAL
915 173 1153 211 HISTORY

176 282 370 318 crescant,
406 275 499 313 folia
534 289 638 326 quae
672 283 765 314 sunt
801 276 859 313 liis
895 277 1027 327 ampla
1062 277 1221 315 deflexa
1255 280 1359 316 circa

176 345 420 389 obruuntur;
456 349 512 383 ita
538 359 675 383 sucum
701 360 860 384 omnem
887 349 926 384 in
951 360 993 384 se
1019 347 1185 384 trahunt
1211 350 1358 397 capita.

177 421 319 464 sponte
340 421 555 453 nascuntur
571 419 863 466 copiosissimae
878 417 892 440 ¹
912 419 951 453 in
970 417 1190 454 Baliaribus
1210 417 1360 455 Ebuso-

178 498 256 534 que
278 485 411 522 insulis
434 499 479 522 ac
501 499 572 535 per
595 485 819 535 Hispanias.
875 500 998 523 unum
1019 487 1071 524 de
1095 489 1150 523 eis
1173 487 1359 525 volumen

177 554 353 592 condidit
384 554 632 606 Pythagoras
663 555 932 605 philosophus,
962 556 1152 607 colligens
1184 557 1360 594 medicas

132 631 149 658 ς·
179 627 292 669 vires,
314 638 412 675 quas
433 628 612 675 proximo
634 626 846 663 reddemus
870 626 981 663 libro.
1037 626 1189 677 reliqua
1211 640 1360 677 genera

177 694 386 732 bulborum
420 694 607 732 differunt
640 695 784 740 colore,
818 696 1110 747 magnitudine,
1143 699 1360 740 suavitate,

178 767 325 814 quippe
348 778 438 802 cum
459 765 621 815 quidam
645 766 755 802 crudi
778 766 1036 810 mandantur,
1059 772 1104 803 ut
1133 769 1173 803 in
1196 766 1360 803 Cherro-

177 847 272 872 neso
285 834 473 878 Taurica3
500 842 589 885 post
605 834 675 872 hos
692 838 731 872 in
746 835 879 872 Africa
898 839 982 873 nati
1001 838 1178 873 maxime
1197 835 1361 873 laudan-

176 911 256 947 tur,
276 918 367 941 mox
397 905 529 954 Apuli.
583 918 732 955 genera
754 906 895 942 Graeci
924 904 1022 943 haec
1046 905 1201 943 fecere:
1233 905 1358 943 bolbi-

177 987 269 1017 nen,
289 977 486 1018 setanion,
505 978 697 1024 opitiona,
714 978 840 1026 cyica‚
859 975 1057 1025 aegilopa,
1076 974 1358 1026 sisyrinchion;

176 1046 215 1081 in
234 1043 307 1081 hoc
325 1047 468 1081 mirum
488 1047 586 1081 imas
608 1047 690 1081 eius
708 1045 861 1082 radices
879 1058 1056 1082 crescere
1074 1044 1221 1088 hieme,
1239 1058 1359 1082 verno

177 1120 328 1157 autem,
365 1128 455 1151 cum
506 1117 735 1164 apparuerit
776 1114 892 1158 viola,
929 1117 1052 1151 minui
1100 1113 1185 1158 has,
1221 1121 1359 1152 contra

177 1186 305 1233 ipsum
321 1184 466 1221 deinde
479 1183 495 1206 ²
513 1184 677 1220 bulbum
695 1188 968 1235 pinguescere.
1013 1191 1074 1222 est
1091 1187 1196 1221 inter
1210 1198 1357 1235 genera

177 1260 219 1290 et
247 1254 352 1303 quod
380 1256 419 1290 in
448 1255 637 1304 Aegypto
665 1268 759 1291 aron
788 1261 945 1298 vocant,
971 1254 1105 1291 scillae
1133 1257 1355 1304 proximum

176 1323 452 1373 amplitudine,
505 1323 604 1360 foliis
658 1323 854 1374 lapatho‚³
904 1323 1017 1361 caule
1071 1330 1181 1361 recto
1233 1323 1355 1361 duum

175 1394 398 1430 cubitorum
408 1393 538 1430 baculi
549 1393 824 1438 crassitudine,
835 1393 967 1431 radice
981 1393 1164 1430 mollioris
1177 1399 1360 1437 naturae,

176 1476 278 1513 quae
299 1469 409 1500 estur
428 1470 470 1500 et
489 1463 624 1500 cruda.
681 1463 921 1500 effodiuntur
939 1463 1048 1500 bulbi
1073 1469 1167 1500 ante
1188 1476 1269 1506 ver,
1289 1469 1358 1500 aut

175 1533 393 1570 deteriores
427 1532 528 1569 illico
560 1533 869 1583 fiunt—signum
900 1535 1144 1570 maturitatis
1175 1538 1235 1569 est
1265 1532 1357 1569 folia

176 1605 438 1639 inarescentia
460 1603 510 1639 ab
532 1605 634 1645 imo;
666 1602 975 1653 viridioresque⁴
996 1602 1237 1652 improbant,
1259 1605 1356 1639 item

176 1672 312 1722 longos
333 1686 378 1709 ac
398 1685 554 1722 parvos,
573 1678 713 1709 contra
734 1672 961 1709 rubicundis
982 1672 1356 1722 rotundioribusque

174 1741 258 1778 laus
283 1747 324 1778 et
346 1741 628 1792 grandissimis.
675 1741 901 1779 amaritudo
925 1741 1122 1792 plerisque
1147 1743 1185 1777 in
1209 1743 1356 1778 vertice

174 1817 249 1855 est,
281 1811 413 1849 media
443 1824 579 1848 eorum
610 1811 754 1848 dulcia.
810 1811 949 1848 bulbos
981 1824 1058 1848 non
1091 1813 1196 1848 nasci
1229 1813 1300 1847 nisi
1333 1824 1355 1848 e

225 1908 234 1926 ¹
262 1908 436 1948 Maylmff:
462 1909 700 1949 copiosissime.

225 1952 237 1969 ²
262 1951 342 1982 Sir?
374 1951 543 1991 Mayhoss:
586 1951 761 1982 minuthac
788 1954 848 1981 aut
875 1952 986 1982 minus
1014 1956 1053 1982 ut,
1081 1951 1143 1981 hac
1172 1954 1242 1989 (aul
1267 1950 1351 1987 acia)

181 1994 334 2025 contrahi
353 1997 434 2025 tunc
451 1994 572 2025 deinde
588 1993 658 2026 cdd.

225 2038 237 2055 ²⁵
261 2038 427 2068 Raclclcam
445 2049 451 2068 :
478 2037 619 2079 lapathi.
730 2037 743 2056 ⁸
767 2037 848 2069 Sici
868 2036 1025 2078 Mayhoff
1036 2049 1042 2068 :
1070 2037 1352 2078 vetustioresque.

158 2100 227 2141 482
