1486 2359
131 325 190 355 147

132 758 191 788 148

132 1253 193 1284 149

134 1625 194 1655 150

420 155 613 193 PLINY:
660 155 924 193 NATURAL
964 155 1200 193 HISTORY

218 257 357 295 florere
371 264 411 294 et
425 260 610 307 quotiens
622 257 797 294 refloruit
813 271 821 294 z
845 257 884 294 id
897 259 1025 295 sexies
1039 261 1170 295 evenit
1184 271 1256 308 per
1267 271 1404 302 annos,

217 334 305 357 cum
333 322 557 363 minimum,
583 325 738 370 quater.
795 322 834 356 in
860 332 997 356 semen
1023 325 1291 357 maturescere
1317 333 1403 369 pro-

219 381 392 418 hibenda
433 387 508 425 est,
549 383 642 431 quia
681 380 870 430 pabulum
913 381 1047 418 utilius
1088 387 1148 418 est
1189 394 1313 432 usque
1353 381 1403 418 ad

218 446 438 480 trimatum.
495 455 615 480 verno
659 444 768 479 sariri
812 442 935 480 debet
980 442 1217 494 liberarique
1261 445 1403 480 ceteris

219 504 364 548 herbis,
406 504 457 542 ad
497 507 706 541 trimatum
748 507 885 541 marris
927 504 978 541 ad
1019 504 1145 541 solum
1187 504 1293 542 radi:
1348 507 1403 542 ita

219 567 395 617 reliquae
419 565 568 604 herbae
593 569 797 603 intereunt
820 569 905 604 sine
929 569 1049 616 ipsius
1072 566 1220 604 damno
1242 573 1405 617 propter

218 628 472 665 altitudinem
493 628 684 665 radicum.
740 631 771 665 si
792 630 982 665 evicerint
1001 627 1165 672 herbae,
1185 629 1403 666 remedium

221 694 378 727 unicum
396 693 435 727 in
453 696 600 733 aratro,
617 693 774 739 saepius
792 689 987 727 vertendo
1003 689 1130 727 donec
1148 703 1284 727 omnes
1302 690 1404 727 aliae

219 752 370 789 radices
392 755 606 789 intereant.
661 752 747 789 dari
769 765 846 788 non
869 751 920 789 ad
940 754 1174 789 satietatem
1196 752 1333 795 debet,
1354 765 1403 789 ne

219 813 381 864 deplere
401 816 638 864 sanguinem
660 827 822 850 necesse
842 816 906 850 sit.
955 819 996 850 et
1016 813 1148 850 viridis
1169 813 1301 851 utilior
1321 819 1404 858 est3

220 878 363 913 arescit
391 875 590 913 surculose
619 889 664 912 ac
692 881 894 925 postremo
922 877 962 912 in
990 875 1194 925 pulverem
1222 875 1402 913 inutilem

219 944 476 975 extenuatur.

273 1000 335 1036 De
357 1002 499 1050 cytiso,
521 1002 583 1036 cui
607 1005 647 1036 et
672 1002 744 1049 ipsi
768 1001 1011 1049 principatus
1034 999 1154 1036 datur
1175 1001 1215 1036 in
1236 999 1405 1049 pabulis,

219 1061 389 1099 adfatim
430 1061 602 1098 diximus
643 1064 748 1098 inter
789 1060 962 1098 frutices.
1019 1066 1061 1097 et
1101 1074 1205 1097 nunc
1245 1060 1402 1111 frugum

220 1126 396 1160 omnium
432 1129 575 1160 natura
612 1123 841 1173 peragenda
878 1128 953 1165 est,
987 1125 1097 1159 cuius
1131 1125 1171 1159 in
1205 1128 1320 1172 parte
1353 1123 1404 1160 de

220 1186 364 1222 morbis
384 1198 542 1236 quoque
560 1185 725 1221 dicatur.

272 1247 415 1284 XLIV.
446 1247 622 1284 Primum
638 1250 814 1283 omnium
830 1246 1020 1284 frumenti
1035 1249 1173 1284 vitium
1190 1260 1315 1284 avena
1330 1253 1403 1284 est.

222 1315 263 1346 et
281 1308 474 1346 hordeum
492 1312 532 1346 in
551 1322 639 1346 eam
659 1309 895 1357 degenerat,
913 1311 965 1345 sic
985 1314 1027 1345 ut
1046 1311 1130 1358 ipsa
1148 1307 1337 1346 frumenti
1353 1311 1404 1346 sit

221 1374 359 1415 instar,
390 1373 538 1421 quippe
576 1384 665 1408 cum
702 1371 943 1407 Germaniae
978 1371 1113 1420 populi
1147 1377 1280 1408 serant
1315 1384 1402 1408 eam

222 1446 353 1483 neque
373 1433 449 1470 alia
466 1433 579 1482 pulte
597 1435 743 1469 vivant.
784 1432 853 1469 soli
875 1435 1048 1469 maxime
1068 1432 1248 1482 caelique
1269 1446 1404 1470 umore

221 1494 294 1532 hoc
328 1498 462 1532 evenit
491 1497 655 1538 vitium;
691 1500 929 1545 sequentem
960 1507 1121 1531 causam
1146 1493 1270 1531 habet
1295 1494 1405 1531 inbe-

221 1557 361 1594 cillitas
391 1559 566 1600 seminis,
595 1559 626 1593 si
656 1557 804 1593 diutius
836 1562 1040 1593 retentum
1073 1562 1133 1593 est
1163 1562 1270 1593 terra
1298 1559 1404 1606 prius

221 1633 342 1670 quam
385 1624 582 1668 erumpat.
640 1618 782 1655 eadem
827 1621 928 1655 ratio
969 1624 1030 1655 est
1071 1623 1112 1655 et
1146 1621 1176 1655 si
1210 1620 1402 1656 cariosum

223 1681 297 1718 fuit
326 1694 416 1718 cum
447 1686 658 1718 sereretur.
715 1683 842 1730 prima
871 1686 1008 1717 autem
1037 1683 1174 1717 statim
1196 1682 1404 1730 eruptione

222 1745 464 1793 agnoscitur,
489 1756 539 1779 ex
565 1755 643 1793 quo
669 1748 837 1792 apparet
871 1745 911 1779 in
944 1742 1076 1779 radice
1112 1755 1197 1779 esse
1230 1755 1403 1779 causam.

223 1811 285 1842 est
318 1810 360 1842 et
394 1804 500 1841 aliud
536 1817 586 1842 ex
615 1807 741 1841 vicino
775 1817 926 1841 avenae
961 1806 1115 1847 vitium,
1143 1817 1233 1840 cum
1267 1803 1406 1853 ampli-

266 1947 281 1961 ·
305 1941 564 1984 Long-stalked‚
582 1941 709 1974 useless
725 1951 867 1983 grassae,
885 1940 1001 1972 rather
1018 1940 1100 1972 than
1119 1946 1205 1977 oats,
1225 1939 1332 1972 which
1348 1951 1405 1971 are

226 1989 289 2017 not
305 1995 325 2017 a
342 1990 350 2002 ⁸
361 1986 493 2017 disease
505 1985 513 1998 ’
530 1984 600 2017 and
615 1985 701 2016 need
719 1995 739 2015 a
756 1984 868 2016 cooler
884 1984 1022 2015 climate
1038 1984 1123 2015 than
1141 1984 1199 2015 the
1218 1983 1354 2015 Italian.

269 2027 281 2046 ⁶
304 2028 386 2060 Thin
403 2029 430 2059 is
448 2027 516 2060 real
533 2032 618 2059 οαω,

222 2082 289 2117 282
