1486 2359
152 1098 208 1126 1¹.)ss

148 1656 205 1687 197

450 152 536 189 PLI
544 152 616 189 NY
630 165 639 188 ε
683 151 945 190 NATURAL
980 151 1217 190 HISTORY

240 262 431 294 stercorat
440 269 483 292 ur
502 255 626 306 alget,
639 257 669 292 si
691 258 856 292 nimium
877 261 1118 292 stercoratus
1139 261 1200 292 est
1221 255 1422 300 adul-itum

240 328 445 375 satiusque
475 331 536 362 est
566 325 606 362 id
635 338 755 375 saepe
786 338 905 375 quam
936 337 1053 375 supra
1083 324 1245 362 modum
1275 324 1419 362 facere.

242 408 319 446 quo
341 394 504 432 calidius
527 394 654 432 solum
679 400 754 439 est,
777 407 825 431 eo
847 396 976 431 minus
1000 393 1092 432 addi
1115 396 1297 432 stercoris
1319 396 1421 431 ratio

241 471 314 502 est.

290 534 392 571 LIV.
423 533 567 571 Semen
586 536 782 584 optimum
802 533 1043 577 anniculum,
1061 534 1212 570 bimum
1230 534 1421 578 deterius,

239 606 400 641 trimum
433 606 662 653 pessimum,
695 603 797 640 ultra
829 602 985 647 sterile3
1031 603 1212 640 etenim²
1243 605 1419 641 omnium

239 674 404 710 definita
423 675 630 723 generatio
650 679 723 710 est.
778 672 885 723 quod
904 675 944 710 in
963 675 1042 709 ima
1061 685 1154 710 area
1171 672 1351 710 subsedit
1369 672 1421 711 ad

238 756 374 780 semen
403 743 682 779 reservandum
711 748 784 784 est,
810 742 851 779 id
877 745 983 779 enim
1009 744 1206 792 optimum
1231 745 1418 793 quoniam

237 815 527 864 gravissimum,
565 826 694 863 neque
732 812 808 849 alio
845 811 963 848 modo
999 811 1133 848 utilius
1170 812 1417 850 discernitur.

238 896 341 933 quae
374 885 481 932 spica
514 881 797 919 intervallata²
829 885 983 919 semina
1014 880 1179 919 habebit
1212 882 1417 920 abicietur.

237 955 433 1002 optimum
466 965 634 1002 granum
667 951 773 1002 quod
806 952 923 988 rubet
955 957 997 988 et
1029 951 1217 988 dentibus
1248 951 1419 989 fractum

238 1022 410 1059 eundem
422 1021 545 1059 habet
557 1021 743 1060 colorem,
755 1021 931 1059 deterius
946 1023 1008 1058 cui
1024 1021 1111 1071 plus
1127 1023 1232 1058 intus
1249 1021 1327 1058 albi
1343 1026 1417 1059 est.

237 1098 390 1129 certum
410 1098 536 1129 terras
555 1091 651 1128 alias
669 1092 756 1142 plus
774 1094 935 1128 seminis
953 1094 1144 1142 recipere,
1161 1091 1257 1129 alias
1274 1094 1418 1136 minus,

237 1162 545 1212 religiosumque
574 1162 666 1199 inde
700 1162 773 1199 et³
811 1164 982 1211 primum
1011 1161 1157 1199 colonis
1186 1164 1418 1212 augurium:

237 1245 326 1269 cum
365 1231 514 1269 avidius
551 1234 733 1281 accipiat,
771 1234 918 1268 esurire
953 1231 1128 1268 creditur
1163 1236 1205 1268 et
1240 1244 1416 1269 comesse

236 1315 387 1339 semen.
442 1304 637 1339 sationem
658 1301 750 1339 locis
770 1301 913 1338 umidis
932 1300 1097 1338 celerius
1118 1300 1201 1338 fieri
1221 1303 1322 1338 ratio
1342 1307 1417 1346 est,

237 1385 286 1409 ne
315 1385 452 1409 semen
482 1372 607 1409 imbre
636 1378 855 1422 putrescat,
882 1373 992 1409 siccis
1020 1373 1158 1415 serius,
1187 1377 1230 1408 ut
1260 1370 1416 1421 pluviae

237 1448 456 1492 sequantur
476 1455 526 1479 ne
547 1442 613 1479 diu
634 1444 766 1479 iacens
788 1447 910 1492 atque
931 1454 1009 1478 non
1029 1443 1252 1491 concipiens
1273 1453 1416 1479 evane-

235 1518 318 1549 scat
333 1524 342 1555 3
371 1515 549 1562 itemque
564 1511 754 1548 festinata
768 1514 922 1549 satione
936 1511 1103 1548 densum
1117 1513 1249 1562 spargi
1263 1524 1415 1556 semen,

237 1584 328 1632 quia
354 1582 469 1619 tarde
493 1584 704 1631 concipiat,
724 1584 897 1619 serotina
923 1595 1070 1627 rarum,
1095 1583 1188 1632 quia
1212 1581 1414 1619 densitate

234 1654 354 1688 nimia
373 1657 549 1689 necetur.
605 1654 699 1688 artis
717 1664 876 1702 quoque
893 1651 1097 1689 cuiusdam
1115 1657 1176 1688 est
1193 1651 1414 1702 aequaliter

234 1734 444 1772 spargere3
479 1735 618 1759 manus
640 1724 778 1772 utique
798 1734 1015 1772 congruere
1035 1721 1158 1758 debet
1177 1734 1265 1758 cum
1286 1720 1411 1772 gradu

234 1805 471 1842 semperque
487 1805 576 1829 cum
591 1791 733 1829 dextro
745 1791 862 1841 pede.
903 1791 947 1828 fit
959 1790 975 1814 ⁴
990 1804 1148 1842 quoque
1164 1790 1410 1842 quorundam

483 1893 493 1913 ¹
520 1893 694 1934 Mayhoff:
719 1896 754 1925 et
772 1893 802 1924 in
823 1894 890 1924 imo
905 1897 963 1925 au!
980 1893 1064 1924 etin
1082 1903 1160 1925 uno.

480 1937 493 1956 ¹
516 1936 605 1968 Ian:
631 1936 820 1968 intervalla.

479 1980 492 1999 ⁸
515 1984 547 2009 et
565 1980 640 2011 add.
661 1980 821 2020 Mayhoff.

480 2022 492 2042 ⁴
516 2023 622 2054 lidd.:
647 2023 702 2054 sit.

233 2096 302 2130 31²
