1486 2359
152 464 192 491 56

151 1143 190 1172 57

425 166 510 204 PLI
519 167 614 204 NY:
658 166 921 204 NATURAL
958 167 1196 205 HISTORY

219 271 395 307 aestibus
407 274 739 321 excogitaturque
753 277 797 308 ut
809 270 946 308 alienis
959 272 1160 308 mensibus
1174 274 1240 309 nix
1253 271 1402 323 algeat.

219 333 414 369 decocunt
453 332 517 368 alii
556 345 694 382 aquas,
723 346 815 369 mox
854 339 896 369 et
934 332 1020 370 illas
1060 332 1252 370 hiemant.
1308 333 1403 370 nihil

221 397 357 444 utique
391 393 538 431 homini
570 396 623 431 sic
656 394 854 444 quomodo
887 408 1018 431 rerum
1051 401 1220 432 naturae
1253 395 1401 446 placet.

220 459 395 492 etiamne
412 455 534 493 herba
553 456 684 506 aliqua
701 456 812 493 diviti
830 462 991 493 tantum
1007 462 1195 506 pascetur
1210 456 1224 480 ¹
1240 456 1254 492 ?
1287 470 1405 494 nemo

218 518 355 554 Sacro>
376 519 675 568 Aventinosquc
701 525 856 555 montes
876 524 917 555 et
936 521 1064 556 iratae
1082 518 1208 568 plebis
1228 532 1404 556 secessus

220 580 570 629 circumspexerit?
625 579 836 617 macellum
852 579 867 603 ²
911 585 1021 617 certe
1069 580 1261 630 aequabit
1306 594 1404 631 quos

220 644 386 691 pecunia
407 645 663 691 separaverit.
702 644 855 691 itaque,
871 641 1078 685 Hercules,
1092 641 1243 679 nullum
1257 643 1406 693 quam³

221 703 372 739 macelli
408 703 578 753 vectigal
613 707 738 740 maius
773 704 849 740 fuit
886 704 1035 741 Romae
1068 704 1241 741 clamore
1275 703 1404 754 plebis

220 768 433 802 incusantis
456 766 562 815 apud
584 779 720 802 omnes·
743 768 942 815 principcs
964 765 1091 802 donec
1114 769 1321 803 remissum
1344 772 1406 803 est

220 830 436 876 portorium
474 830 614 865 mercis
652 826 780 871 haim,
816 834 1135 878 conpertumque
1174 841 1252 865 non
1289 827 1406 866 aliter

219 892 495 939 quaestuosius
530 903 693 926 censum
730 889 866 925 haberi
904 895 974 926 aut
1010 892 1136 927 tutius
1172 903 1218 927 ac
1253 891 1405 927 minore

219 951 403 988 fortunae
422 954 528 988 iure:
560 965 651 989 cum
668 951 856 989 credatur
874 954 1011 1001 pensio
1030 964 1079 988 ea
1097 951 1405 1002 pauperrumis‚⁴

220 1016 258 1049 in
282 1013 364 1049 solo
389 1027 552 1063 sponsor
576 1019 637 1051 est
663 1019 705 1050 et
729 1014 802 1049 sub
826 1013 891 1050 die
917 1013 1067 1050 reditus
1092 1013 1402 1064 superficiesque

217 1075 327 1111 caelo
347 1088 598 1125 quocumque
616 1075 808 1126 gaudens.

270 1136 486 1173 Hortorum
525 1137 626 1174 Cato
661 1137 867 1187 praedicat
900 1137 1055 1174 caules:
1106 1136 1196 1174 hinc
1234 1139 1405 1187 primum

219 1198 432 1248 agricolas⁵
452 1199 735 1235 aestumabant
759 1201 888 1248 prisci,
909 1204 952 1236 et
971 1201 1024 1236 sic
1044 1201 1183 1236 statim
1202 1197 1406 1236 faciebant

220 1260 420 1305 iudicium,
449 1274 621 1311 nequam
651 1274 736 1297 esse
766 1263 805 1297 in
833 1261 952 1297 domo
980 1266 1152 1298 matrem
1180 1260 1403 1298 familias——

219 1324 369 1359 etenim
395 1322 493 1360 haec
517 1336 612 1359 cura
637 1322 810 1359 feminae
837 1322 1167 1359 dicebatur—ubi
1191 1321 1403 1373 indiligens

219 1390 325 1421 esset
354 1391 469 1421 extra
499 1383 657 1422 hortus:
702 1387 849 1434 quippe
879 1398 900 1422 e
929 1387 1109 1422 carnario
1138 1390 1208 1422 aut
1237 1383 1405 1422 macello

220 1446 430 1483 vivendum
465 1459 563 1483 esse.
619 1460 691 1483 nec
724 1447 857 1482 caules
892 1452 936 1483 ut
970 1459 1074 1483 nunc
1108 1448 1282 1484 maxime
1315 1459 1403 1497 pro-

219 1508 383 1552 babant,
414 1508 654 1545 damnantes
687 1508 956 1558 pulmentaria
988 1521 1092 1558 quae
1126 1514 1294 1559 egerent
1326 1507 1403 1545 alio

218 1570 484 1619 pulmentario
498 1584 506 1606 :
538 1570 578 1607 id
595 1576 682 1607 erat
698 1570 786 1606 oleo
802 1583 979 1620 parcere,
996 1583 1089 1606 nam
1105 1572 1190 1621 gari
1207 1569 1403 1607 desideria

220 1634 342 1669 etiam
368 1635 406 1668 in
432 1632 738 1681 exprobratione
764 1638 891 1669 erant.
947 1631 1050 1668 horti
1075 1634 1251 1668 maxime
1274 1630 1406 1681 place-

330 1719 337 1736 ¹
365 1721 548 1759 pascetur?
568 1718 725 1758 Mayhoff
736 1730 742 1748 :
768 1718 921 1749 nascitur
939 1718 1137 1750 Caesarius:
1162 1718 1323 1759 pasoitur.

331 1762 342 1780 ²
367 1761 541 1802 Mayhoffz
568 1771 648 1792 mox
665 1761 766 1792 enim.

327 1805 339 1823 ³
363 1814 465 1845 quam
483 1805 584 1836 add.?
604 1804 766 1845 illuyhoss.

328 1849 339 1866 ⁸
369 1847 542 1888 JLmeff:
569 1858 755 1889 pauperum
775 1848 811 1878 is.

330 1891 342 1909 ⁶
367 1891 555 1932 agricolas?
575 1891 750 1931 Mayhoff:
775 1890 952 1931 agricolao.

491 2035 505 2049 ⁶
528 2031 628 2062 Made
643 2030 825 2072 especially
842 2029 930 2062 from
948 2030 1131 2062 mackerel.

219 2094 290 2141 456
