1486 2359
136 703 189 733 131

138 1078 196 1109 132

135 1527 194 1559 133

424 145 619 182 PLINY:
671 143 933 181 NATURAL
970 143 1205 181 HISTORY

223 248 413 285 olivetum
456 247 506 283 ab
548 248 800 297 aequinoctio
842 259 962 283 verno
1004 248 1109 283 intra
1150 245 1402 296 vergiliarum

225 330 407 360 exortum
442 322 633 359 interradi
667 321 829 358 alternis
863 323 975 357 annis
1009 320 1150 358 melius
1183 323 1403 365 inventum,

223 401 321 435 item
343 411 520 434 muscum
542 397 659 435 radi.¹
681 395 910 433 circumfodi
933 402 1069 433 autem
1090 396 1270 432 omnibus
1292 399 1403 433 annis

224 486 245 509 a
271 473 438 509 solstitio
463 472 585 509 duum
610 472 834 508 cubitorum
859 471 995 508 scrobe
1021 470 1154 520 pedali
1177 470 1404 515 altitudine,

223 550 429 584 stercorari
449 550 570 584 tertio
590 560 706 583 anuo.

278 622 401 671 Mago
425 622 531 659 idem
556 620 790 671 amygdalas
815 621 865 657 ab
889 634 1030 658 occasu
1056 621 1215 658 Arcturi
1239 621 1290 658 ad
1314 621 1403 658 bru-

222 711 327 734 mam
362 699 436 733 scri
472 696 598 739 iubet,
632 699 717 746 pira
753 709 829 732 non
865 696 1007 733 eodem
1042 701 1223 745 tempore
1258 698 1404 740 omnia,

224 774 411 822 quoniam
432 784 562 821 neque
583 770 751 807 floreant
773 771 930 810 eodem.
950 770 1122 821 oblonga
1142 777 1212 808 aut
1232 771 1405 808 rotunda

224 848 274 883 ab
305 860 445 884 occasu
473 845 737 896 Vergiliarum
767 845 817 882 ad
847 845 1042 889 brumam,
1072 845 1223 896 reliqua
1255 859 1403 896 genera

224 922 355 959 media
391 921 521 958 hieme
557 921 607 957 ab
640 934 781 958 occasu
816 919 1014 969 Sagittae,
1044 920 1298 958 subsolanum
1334 927 1404 959 aut

223 999 515 1046 septentriones
530 998 770 1045 spectantia,
781 995 936 1032 laurum
953 996 1003 1031 ab
1017 1009 1157 1033 occasu
1171 995 1341 1046 Aquilae
1353 996 1404 1033 ad

222 1086 403 1109 occasum
423 1070 619 1121 Sagittae.
673 1084 826 1108 conexa
847 1073 952 1108 enim
973 1070 1024 1108 de
1044 1076 1225 1120 tempore
1247 1071 1403 1109 serendi

225 1147 502 1196 inserendique
516 1145 531 1169 ²
543 1147 643 1182 ratio
657 1152 717 1183 est
733 1159 740 1182 :
768 1159 859 1183 vere
876 1152 918 1183 et
931 1151 1124 1183 autumno
1140 1146 1180 1183 id
1195 1159 1340 1196 magna
1354 1159 1403 1184 ex

223 1228 337 1271 parte
352 1222 435 1258 fieri
447 1221 658 1258 decrevere
673 1233 681 1263 ;
703 1227 763 1257 est
779 1227 820 1258 et
834 1220 911 1257 alia
924 1219 1020 1258 hora
1033 1223 1136 1258 circa
1149 1219 1267 1258 Canis
1281 1227 1404 1266 ortus,

223 1297 471 1346 paucioribus
497 1302 591 1333 nota
617 1299 804 1346 quoniam
829 1309 907 1332 non
931 1296 1113 1333 omnibus
1136 1295 1230 1333 locis
1254 1299 1405 1346 pariter

224 1372 329 1408 utilis
367 1371 628 1421 intellegitur,
665 1371 735 1408 sed
772 1370 879 1408 haud
915 1371 1141 1408 omittenda
1177 1371 1288 1409 nobis
1325 1385 1402 1408 non

223 1453 374 1484 tractus
422 1446 584 1483 alicuius
634 1449 830 1483 rationem
879 1459 1015 1483 verum
1064 1452 1232 1484 naturae
1279 1449 1403 1484 totius

221 1522 516 1569 indagantibus.
573 1524 612 1557 in
643 1521 862 1571 Cyrenaica
893 1524 1054 1569 regione
1084 1521 1157 1558 sub
1188 1524 1402 1559 etesiarum

223 1597 321 1633 flatu
337 1602 563 1639 conserunt,
581 1610 653 1633 nec
671 1610 749 1633 non
767 1602 808 1633 et
826 1599 865 1633 in
884 1596 1066 1640 Graecia,
1083 1595 1211 1633 oleam
1229 1599 1401 1634 maxime

223 1675 261 1708 in
295 1671 478 1708 Laconia.
533 1671 633 1707 Coos
662 1671 787 1708 insula
818 1677 860 1708 et
890 1674 989 1708 vites
1018 1677 1113 1709 tunc
1141 1674 1251 1716 serit,
1278 1675 1401 1710 ceteri

224 1747 328 1797 apud
350 1746 522 1783 Graecos
543 1746 740 1783 inoculare
762 1752 801 1782 et
824 1749 996 1783 inserere
1017 1760 1095 1783 non
1115 1746 1316 1791 dubitant,
1330 1747 1400 1784 sed

223 1821 381 1858 arbores
418 1835 495 1858 non
533 1827 682 1858 serunt.
737 1821 1030 1871 plurimumque
1067 1824 1106 1858 in
1143 1834 1191 1859 eo
1226 1821 1399 1860 locorum

224 1903 364 1933 natura
404 1896 550 1946 pollet;
602 1909 775 1946 namque
815 1899 853 1932 in
893 1897 1082 1946 Aegypto
1119 1899 1225 1933 omni
1263 1903 1400 1935 serunt

318 1986 324 2003 ¹
354 1985 535 2025 ,llaylaqffe
553 1984 677 2016 Colum.
696 1997 702 2015 :
729 1984 831 2015 radici
849 1984 1071 2020 (circumdare
1089 1984 1192 2016 radici
1209 1985 1305 2026 edm).

316 2029 327 2046 ’-’
351 2028 515 2059 inserendi
532 2028 606 2059 add.
623 2028 659 2058 J.
681 2027 828 2058 Mueller.

221 2084 265 2117 92
