1486 2359
115 480 171 510 151

408 162 532 199 PLlN
542 162 599 199 Y:
651 162 915 200 NATURAL
951 160 1188 199 HISTORY

202 266 341 302 tudine
371 263 558 302 inchoata
586 277 755 315 granum
784 263 856 302 sed
881 264 1058 301 nondum
1087 269 1259 308 matura,
1278 266 1385 314 prius

202 348 320 384 quam
351 334 510 371 roboret
535 347 690 384 corpus,
710 333 860 371 adflatu
886 335 1004 371 noxio
1027 346 1182 370 cassum
1207 338 1249 371 et
1268 336 1386 372 inane

203 406 241 441 in
260 407 366 454 spica
386 406 585 441 evanescit
605 403 780 454 quodam
800 403 954 440 abortu.

255 473 375 511 Venti
394 480 530 511 autem
551 473 678 511 tribus
695 473 942 523 temporibus
962 478 1108 511 nocent
1126 472 1328 511 frumento
1346 479 1388 512 et

204 542 374 580 hordeo:
423 545 463 580 in
498 542 592 580 flore
627 549 697 579 aut
731 545 912 593 protinus
945 556 1036 580 cum
1071 542 1292 580 defloruere
1326 542 1387 580 vel

204 619 473 650 maturescere
515 613 818 662 incipientibus;
875 618 962 649 tum
1005 615 1110 649 enim
1155 615 1388 651 exinaniunt

202 696 341 733 grana,
360 683 554 732 prioribus
575 685 702 720 causis
722 685 831 720 nasci
850 681 1076 732 prohibent.
1132 688 1250 720 nocet
1270 688 1312 720 et
1332 682 1389 722 sol

201 753 340 790 creber
371 765 421 789 ex
453 753 571 790 nube.
627 758 845 789 nascuntur
876 758 918 789 et
950 751 1150 789 vermiculi
1182 754 1223 789 in
1254 752 1386 790 radice

201 836 290 859 cum
320 828 544 859 sementem
573 822 764 859 imbribus
793 825 938 859 secutis
968 821 1126 858 inclusit
1154 825 1388 872 repentinus

114 897 174 928 152
199 892 304 930 calor
331 906 522 929 umorem.
579 895 799 943 gignuntur
825 898 867 929 et
894 894 934 928 in
961 905 1086 942 grano
1112 905 1203 929 cum
1229 894 1337 942 spica
1364 905 1387 930 e

115 1456 174 1487 163

118 1805 178 1835 154

201 962 340 1011 pluviis
378 962 508 999 calore
546 962 786 999 infer-vescit.
842 968 904 999 est
942 967 984 998 et
1020 960 1220 999 cantharis
1257 962 1386 1000 dictus

203 1032 439 1069 scarabaeus
483 1045 641 1082 parvus,
685 1031 887 1068 frumenta
931 1031 1110 1069 erodens.
1166 1034 1298 1069 omnia
1341 1045 1389 1069 ea

203 1102 388 1139 animalia
432 1115 523 1139 cum
568 1102 655 1139 cibo
700 1101 904 1139 deficiunt.
960 1101 1106 1145 oleum,
1149 1104 1232 1152 pix,
1276 1101 1387 1153 adips

201 1175 399 1209 contraria
428 1172 659 1215 seminibus,
690 1171 995 1222 cavendumque
1029 1184 1079 1209 ne
1110 1177 1297 1209 contacta
1327 1170 1387 1210 his

202 1248 396 1279 serantur.
453 1243 579 1279 imber
608 1245 647 1278 in
676 1240 801 1278 herba
836 1241 941 1278 utilis
976 1255 998 1278 a
1031 1242 1180 1291 partu‚¹
1214 1241 1388 1279 florenti-

203 1312 275 1348 bus
305 1318 441 1349 autem
472 1311 674 1349 frumento
705 1318 745 1348 et
777 1311 927 1349 hordeo
957 1317 1090 1355 nocet,
1121 1311 1387 1362 leguminibus

203 1384 393 1419 innocuus
433 1388 717 1432 praeterquam
756 1384 884 1419 ciceri.
954 1384 1265 1420 maturescentia
1308 1381 1388 1419 fru-

201 1459 337 1488 menta
367 1452 492 1488 imbre
523 1452 738 1488 laeduntur
768 1457 808 1488 et
846 1450 1039 1488 hordeum
1069 1454 1207 1502 magis.
1263 1454 1387 1490 nasci-

203 1527 268 1558 tur
307 1528 347 1558 et
392 1521 516 1558 herba
556 1521 645 1558 alba
685 1523 826 1572 panico
865 1521 999 1558 similis
1037 1535 1235 1571 occupans
1281 1535 1388 1566 arva,

202 1594 332 1641 pecori
357 1605 516 1641 quoque
540 1591 759 1628 mortifera.
816 1604 907 1628 nam
933 1590 1066 1628 lolium
1092 1597 1134 1628 et
1156 1591 1322 1629 tribulos
1345 1597 1387 1630 et

201 1661 367 1698 carduos
409 1661 630 1712 lappasque
673 1674 750 1698 non
794 1664 920 1711 magis
962 1674 1082 1711 quam
1124 1661 1241 1699 rubos
1284 1664 1389 1699 inter

203 1729 362 1781 frugum
380 1731 537 1768 morbos
555 1733 686 1781 potius
705 1744 825 1781 quam
844 1733 949 1767 inter
966 1733 1085 1781 ipsius
1102 1737 1235 1768 terrae
1252 1736 1386 1781 pestes

204 1804 506 1838 numeraverim.
560 1800 736 1838 caeleste
755 1800 914 1850 frugum
935 1803 1220 1851 vinearumque
1238 1801 1385 1838 malum

205 1869 310 1907 nullo
329 1873 457 1907 minus
479 1873 639 1907 noxium
661 1877 721 1907 est
741 1871 890 1920 robigo.
947 1870 1269 1921 frequentissima
1287 1869 1386 1909 haec

202 1941 240 1975 in
276 1940 426 1977 roscido
460 1946 591 1977 tractu
626 1939 952 1989 convallibusque
986 1953 1030 1976 ac
1063 1939 1275 1989 perflatum
1307 1953 1386 1978 non

453 2037 463 2056 ¹
487 2036 581 2068 utilis
596 2046 636 2068 ac
653 2035 948 2077 parturientibus?
976 2036 1137 2077 Mayhoff.

205 2093 271 2136 284
