1486 2359
127 258 187 285 :3⁸

126 641 187 672 239

426 145 614 182 PLINY:
657 144 921 182 NATURAL
957 145 1195 183 HISTORY

268 249 353 286 Hoc
385 248 636 286 intervallum
667 251 858 298 temporis
890 251 1189 299 vegetissimum
1220 249 1398 299 agricolis

217 316 473 363 maximeque
489 325 699 363 operosum
717 319 792 356 est,
809 315 848 349 in
865 325 943 363 quo
958 316 1171 363 praecipue
1186 313 1399 358 falluntur3

218 391 348 428 neque
375 380 479 414 enim
507 390 554 414 eo
578 377 642 414 die
667 383 859 414 vocantur
883 377 935 414 ad
959 379 1095 414 munia
1119 391 1197 428 quo
1220 377 1398 416 favonius

217 442 311 479 flare
340 442 489 478 debeat
517 441 588 478 sed
617 455 695 491 quo
723 444 912 491 coeperit.
969 440 1042 479 hoc
1070 445 1149 479 acri
1177 445 1399 480 intentione

216 506 453 544 servandum
484 512 558 549 est,
587 504 661 543 hoc
691 505 758 542 illo
784 519 923 543 mense
951 508 1108 556 signum
1137 506 1248 543 diesl
1276 505 1399 544 habet

216 572 490 608 observatione
504 573 666 607 minime
679 569 809 607 fallaci
821 576 890 607 aut
903 570 1038 614 dubia,
1049 573 1080 607 si
1094 573 1179 620 quis
1191 571 1398 608 adtendat.

216 635 320 672 unde
351 641 487 672 autern
519 637 642 684 spiret
672 637 703 671 is
734 640 876 671 ventus
911 647 1070 685 quaque
1103 640 1219 684 parte
1253 637 1401 680 veniat,

216 700 388 736 diximus
426 699 600 736 secundo
640 698 840 735 volumine
873 704 914 735 et
947 699 1124 736 dicemus
1156 712 1250 736 mox
1282 699 1401 750 paulo

217 766 430 814 operosiuS.
487 766 646 800 interim
665 763 715 800 ab
733 776 780 800 eo
797 763 876 807 die,
894 765 1070 814 quisquis
1087 762 1152 800 ille
1171 762 1305 808 fuerit,
1323 778 1401 814 quo

217 829 311 865 flare
333 831 643 877 coeperit—non
666 829 806 877 utique
827 840 865 863 vx
888 827 940 864 id.
965 827 1076 872 Feb„
1097 827 1168 865 sed
1188 831 1272 865 sive
1291 834 1401 872 ante,

218 893 378 943 quando
391 893 406 916 ²
422 892 693 942 praevernat,³
707 894 789 928 sive
802 897 957 941 postea,
971 892 1130 942 quando
1142 891 1294 929 hiemat
1310 899 1400 943 post

216 958 322 994 diem
360 956 495 1001 hunc,⁴
533 959 740 993 innumera
777 959 942 993 rusticos
979 969 1071 993 cura
1109 957 1322 1008 distringat
1359 962 1401 994 et

218 1025 344 1072 prima
377 1034 561 1072 quaeque
593 1026 838 1071 peragantur
869 1034 972 1071 quae
1004 1020 1149 1058 differri
1181 1027 1399 1072 nequeunt.

129 1092 190 1123 240
214 1089 432 1123 trimestria
478 1091 676 1128 serantur,
722 1088 822 1122 vites
869 1091 1062 1135 putentur
1108 1099 1186 1136 qua
1230 1085 1400 1124 diximus

127 1413 184 1443 241

219 1154 388 1195 ratione,
403 1150 516 1187 oleae
531 1155 735 1193 curentur,
749 1162 869 1199 poma
885 1156 1068 1186 serantur
1083 1152 1400 1201 inseranturque,

219 1218 360 1252 vineae
393 1217 661 1265 pastinentur‚
694 1214 940 1251 seminaria⁵
973 1214 1220 1265 digerantur,
1253 1217 1401 1253 instau-

219 1286 357 1317 rentur
398 1279 488 1321 alia,
521 1277 777 1322 harundines,
810 1278 963 1322 salices,
995 1281 1179 1329 genistae
1218 1284 1402 1317 serantur

218 1343 535 1394 caedanturque‚
557 1349 741 1380 serantur
763 1356 854 1379 vero
877 1342 987 1387 ulmi,
1008 1343 1156 1393 populi,
1178 1342 1321 1381 fraxini
1342 1347 1399 1381 uti

215 1408 366 1446 dictum
389 1414 462 1445 est.
517 1414 605 1444 tum
627 1413 668 1444 et
688 1413 848 1457 segetes
868 1410 1051 1444 convenit
1074 1421 1259 1458 purgare,
1277 1411 1398 1446 sarire

217 1472 402 1510 hibernas
441 1471 575 1522 fruges
609 1475 864 1522 maximeque
896 1471 979 1515 far;
1027 1472 1088 1508 lcx
1121 1478 1232 1509 certa
1265 1474 1305 1509 in
1337 1485 1399 1517 eo,

217 1551 305 1575 cum
334 1542 525 1587 quattuor
552 1536 738 1573 fibrarum
766 1549 852 1573 esse
877 1539 1068 1586 coeperit,
1093 1539 1132 1573 in
1148 1536 1165 1559 ⁶
1189 1536 1282 1573 faba
1307 1549 1399 1574 vero

217 1615 294 1638 non
335 1607 551 1651 antequam
592 1603 713 1637 trium
753 1599 950 1645 foliorum,
989 1606 1085 1638 tunc
1125 1613 1284 1652 quoque
1323 1600 1399 1639 levi

218 1665 369 1703 carculo
387 1678 557 1716 purgare
576 1667 704 1702 verius
723 1678 842 1715 quam
862 1664 1013 1709 fodere,
1031 1665 1240 1703 florentem
1258 1668 1398 1718 utique

275 1758 283 1776 ¹
311 1757 485 1798 Mayhoff:
511 1756 605 1788 deus.

274 1802 284 1818 ²
307 1800 356 1832 cd.
374 1800 455 1831 Par.
471 1799 544 1831 Lat.
560 1799 665 1831 6797:
692 1808 761 1839 quo
776 1799 880 1831 6795:
907 1799 977 1839 an.
994 1798 1062 1831 rell.

272 1844 284 1861 ³
308 1843 436 1875 Gelam:
462 1846 686 1883 praevenerat
704 1846 897 1883 (praevertit
913 1842 961 1874 cd.
982 1842 1108 1880 Tolet.).

272 1886 284 1905 ⁴
308 1887 398 1918 hunc
413 1885 587 1926 Mayhoff:
613 1888 695 1916 tunc
707 1885 756 1916 cd.
771 1884 862 1916 Leid.
876 1896 909 1916 n.
927 1885 1006 1922 VII,
1022 1895 1066 1917 m.
1083 1886 1102 1917 2
1116 1897 1124 1917 z
1159 1885 1293 1917 diemat
1309 1885 1397 1925 rell„

226 1928 364 1969 quando
382 1929 591 1969 posthiemat
607 1932 690 1959 tunc
707 1927 895 1968 Derlessen).

284 1972 296 1990 ⁶
321 1972 358 2003 C.
376 1972 414 2003 F.
437 1971 484 2003 W.
504 1970 666 2003 Mueller:
692 1971 831 2002 semina.

285 2015 297 2033 ὅ
323 2016 356 2046 in
373 2015 448 2047 add.
466 2014 655 2047 Rackhamz
681 2015 842 2054 coeperit,
860 2013 975 2045 fabam
990 2017 1003 2045 ⁴?
1035 2014 1272 2055 ll'arminqlon.

215 2088 286 2124 340
