1486 2359
106 402 161 433 121

109 1302 168 1333 123

402 165 590 203 PLINY:
642 166 906 204 NATURAL
943 165 1180 204 HISTORY

194 275 283 306 sata
314 275 374 306 est
406 269 597 306 laetificat
626 271 809 306 stercoris
839 271 946 312 vice3
990 269 1079 307 ideo
1108 272 1211 307 circa
1243 269 1379 307 Mace—

193 334 353 370 doniam
381 332 724 384 Thessaliamque,
752 347 843 370 cum
872 333 1011 371 florere
1039 336 1185 383 coepit.
1214 339 1376 371 vertunt

193 411 298 434 arva.
354 400 529 434 nascitur
549 404 591 434 et
611 410 683 434 sua
704 403 847 447 sponte
867 397 1066 448 plerisque
1087 400 1126 434 in
1147 397 1254 441 locis,
1274 401 1375 435 sicut

193 461 518 511 septentrionalis
561 464 701 498 oceani
743 461 892 505 insulis,
935 475 1034 512 quas
1077 462 1127 499 ob
1171 462 1210 498 id
1254 465 1376 499 nostri

195 526 382 563 Fabarias
418 525 644 575 appellant,
678 528 778 563 item
819 529 860 562 in
897 525 1155 563 Mauretania
1191 526 1378 563 silvestris

193 593 354 640 passim,
382 590 453 627 sed
481 590 680 640 praedura
710 596 753 627 et
781 603 886 640 quae
914 593 1103 641 percoqui
1133 604 1212 627 non
1239 593 1375 640 possit.

195 657 369 691 nascitur
394 660 436 691 et
462 657 502 691 in
527 655 718 705 Aegypto
743 657 900 704 spinoso
925 654 1052 698 caule,
1078 668 1157 705 qua
1182 654 1233 692 de
1258 668 1378 692 causa

150 730 156 737 ·
193 718 375 756 crocodili
398 718 519 755 oculis
540 721 732 756 timentes
756 718 973 769 refugiunt.
1028 718 1236 769 longitudo
1258 731 1377 769 scapo

195 789 387 833 quattuor
422 783 648 820 cubitorum
686 789 747 820 est
784 783 1040 832 amplissima,
1076 783 1296 820 crassitudo
1333 789 1377 821 ut

193 847 342 898 digito;
382 849 422 884 ni
438 847 452 871 ¹
478 847 661 898 genicula
687 847 889 891 abessent,
916 846 1023 885 molli
1048 847 1204 885 calamo
1229 847 1378 892 similis,

192 918 314 961 caput
335 914 539 961 papaveri,
559 911 690 949 colore
718 925 844 955 roseo,
865 914 906 948 in
935 925 982 949 eo
1003 911 1123 949 fabae
1151 925 1231 949 non
1259 925 1378 962 supra

193 979 379 1019 tricenas,
405 975 500 1012 folia
526 976 672 1026 ampla,
698 975 850 1013 fructus
877 979 962 1026 ipse
988 989 1146 1013 amarus
1173 982 1216 1013 et
1242 976 1377 1020 odore,

195 1040 265 1077 sed
293 1040 406 1077 radix
435 1053 628 1091 perquam
657 1046 775 1091 grata
803 1040 1020 1077 incolarum
1049 1040 1160 1084 cibis,
1189 1040 1311 1078 cruda
1340 1047 1381 1079 et

194 1105 421 1142 omnimodo
474 1111 602 1148 cocta,
655 1103 923 1142 harundinum
977 1104 1174 1142 radicibus
1228 1104 1376 1142 similis.

194 1172 369 1206 nascitur
409 1175 450 1206 et
491 1172 530 1205 in
571 1168 685 1220 Syria
725 1168 941 1220 Ciliciaque
980 1175 1023 1206 et
1062 1171 1103 1206 in
1142 1168 1380 1207 Toronaeo²

195 1233 438 1270 Cllalcidices
455 1233 556 1270 lacu.

246 1297 394 1334 XXXI.
425 1297 485 1334 Ex
511 1297 776 1348 leguminibus
803 1304 996 1335 autumno
1021 1311 1165 1335 vereve
1189 1303 1379 1336 seruntur

196 1362 279 1399 lens
307 1368 347 1399 et
374 1365 414 1398 in
441 1361 610 1399 Graecia
637 1365 778 1412 pisum.
835 1361 940 1399 Lens
967 1368 1078 1399 amat
1104 1361 1230 1399 solum
1257 1368 1381 1400 tenue

196 1430 321 1477 magis
360 1440 480 1476 quam
517 1429 680 1476 pingue,
716 1426 872 1464 caelum
910 1429 1049 1477 utique
1086 1429 1246 1464 siecum.
1301 1426 1380 1464 duo

195 1504 344 1541 genera
370 1493 453 1527 cius
478 1492 682 1541 Aegypto,
708 1490 880 1528 alterum
905 1491 1112 1528 rotundius
1137 1493 1380 1542 nigriusque‚

195 1554 365 1591 alterum
394 1568 465 1592 sua
494 1555 633 1605 figura,
662 1555 768 1592 unde
796 1558 902 1592 vario
930 1568 1003 1592 usu
1029 1554 1223 1592 tralatum
1252 1562 1313 1593 est
1342 1558 1381 1592 in

197 1618 405 1656 lenticulas
437 1632 595 1656 nomen.
650 1621 808 1656 invenio
839 1619 947 1670 apud
978 1625 1160 1657 auctores
1192 1622 1381 1670 aequani-

199 1686 383 1720 mitatem
413 1683 495 1720 fieri
522 1684 773 1721 vescentibus
801 1696 862 1721 ea.
917 1686 1046 1734 pisum
1073 1686 1112 1720 in
1139 1686 1280 1734 apricis
1307 1687 1382 1721 scri

197 1747 320 1785 debet
350 1747 541 1798 frigorum
569 1750 969 1798 inpatientissimum;
1003 1748 1093 1786 ideo
1122 1751 1162 1785 in
1192 1747 1312 1785 Italia
1341 1755 1383 1785 et

198 1814 237 1848 in
271 1815 488 1849 austeriore
521 1812 633 1850 caelo
671 1826 750 1849 non
788 1815 860 1849 nisi
895 1825 1016 1850 verno
1054 1818 1238 1862 tempore
1275 1818 1384 1850 terra

197 1875 316 1920 facili,
335 1876 478 1914 soluta.

396 1981 407 2001 ¹
433 1984 471 2012 ut
488 1981 595 2021 digito
611 1982 671 2013 ni?
689 1981 865 2022 Mayhoff:
889 1981 954 2012 alii
967 1981 1055 2012 alia:
1081 1981 1200 2013 intoni.

396 2025 407 2042 ²
433 2025 620 2055 leuch-ham:
646 2024 800 2056 Toronae
815 2025 901 2056 lan:
926 2024 1069 2056 Torone.

199 2084 268 2120 266
