1486 2359
113 470 173 501 158

115 1089 174 1118 159

116 1521 176 1551 160

404 177 594 215 PLINY:
647 177 910 215 NATL'RAL
946 176 1183 215 HISTORY

200 282 370 318 cedente
409 294 502 317 cura
533 287 736 317 caventur.
793 283 882 317 vino
914 287 1008 317 ante
1041 283 1194 317 semina
1223 279 1382 331 perfusa

199 346 330 379 minus
381 348 589 392 aegrotare
641 344 885 378 existimant.
942 342 1136 392 Vergilius
1187 344 1291 379 nitro
1340 347 1382 380 et

201 418 362 440 amurca
381 403 565 453 perfundi
585 404 696 440 iubet
716 403 874 447 fabam3
907 406 960 440 sic
980 406 1102 440 etiam
1121 404 1383 454 grandescere

202 468 413 515 promittit.
470 465 631 515 quidam
651 478 742 502 vero
758 467 789 501 si
806 465 938 502 triduo
955 471 1049 502 ante
1065 471 1197 502 satum
1215 467 1326 502 urina
1341 471 1383 502 et

200 541 304 577 aqua
339 533 564 564 maceretur
597 529 810 577 praecipue
846 526 1072 564 adolescere
1106 533 1276 577 putant;
1321 533 1385 565 ter

200 589 361 639 quidem
401 592 563 625 saritam
603 588 780 625 modium
818 588 971 626 fractae
1008 602 1031 626 e
1067 588 1200 626 modio
1236 588 1384 626 solidae

200 651 391 694 reddere3
451 651 601 700 reliqua
649 653 801 687 semina
845 653 1020 700 cupressi
1065 650 1166 688 foliis
1210 653 1309 688 tusis
1353 653 1383 688 si

201 715 445 749 misceantur
466 726 543 749 non
565 725 651 749 esse
672 712 894 749 vermiculis
915 713 1101 756 obnoxia,
1120 725 1194 750 nec
1213 715 1245 750 si
1265 716 1385 750 inter-

201 774 307 811 lunio
321 780 515 811 serantur.
572 774 685 810 multi
701 774 752 811 ad
766 774 861 811 milii
877 774 1052 811 remedia
1067 775 1250 812 rubetam
1266 780 1383 812 noctu

201 850 293 873 arvo
307 835 550 873 circumferri
564 836 703 873 iubent
719 839 826 885 prius
841 850 960 886 quam
974 839 1093 873 sariat
1101 850 1158 880 ur,
1171 836 1385 888 defodique

201 900 239 934 in
255 898 387 934 medio
402 897 592 934 inclusam
610 897 718 934 fictili
733 912 741 934 :
771 901 826 935 ita
841 911 915 935 nec
929 911 1130 948 passerem
1146 911 1218 936 nec
1233 911 1385 936 vermes

205 973 361 1002 nocere,
386 960 457 997 sed
483 959 700 996 eruendam
726 962 832 1010 prius
858 973 978 1010 quam
1003 960 1188 1003 seratur,1
1214 959 1384 1011 alioquin

203 1035 383 1058 amarum
410 1022 505 1058 fieri.
561 1024 655 1072 quin
677 1028 719 1059 et
739 1035 850 1059 armo
870 1021 1005 1072 talpae
1024 1028 1210 1059 contacta
1235 1025 1385 1060 semina

205 1084 385 1120 uberiora
401 1096 499 1120 esse.
557 1083 812 1120 Democritus
826 1097 920 1121 suco
933 1082 1082 1121 herbae
1096 1097 1199 1134 quae
1213 1083 1385 1134 appella-

203 1152 269 1181 tur
304 1148 472 1189 aizoum,
507 1148 544 1182 in
582 1145 727 1195 tegulis
765 1159 943 1189 nascens,
981 1151 1022 1182 et
1059 1146 1109 1182 ab
1147 1146 1231 1182 aliis
1263 1145 1386 1197 hypo·

201 1207 401 1258 gaesum‚²
422 1206 565 1244 Latine
585 1221 677 1243 vcro
695 1207 833 1244 sedum
855 1213 922 1244 aut
943 1207 1169 1258 digitillum,
1188 1208 1387 1246 medicata

203 1271 278 1305 seri
293 1268 403 1305 iubet
418 1271 550 1305 omnia
564 1272 729 1306 semina.
786 1269 902 1320 vulgo
916 1283 1021 1314 vero,
1034 1272 1065 1306 si
1079 1269 1201 1307 uredo
1214 1269 1231 1293 ³
1245 1276 1387 1308 noceat

203 1337 244 1368 et
261 1344 415 1367 vermes
431 1331 627 1368 radicibus
644 1329 896 1375 inhaereant,
911 1331 1133 1368 remedium
1149 1338 1210 1369 est
1225 1345 1386 1370 amurca

203 1405 301 1441 pura
335 1406 381 1429 ac
414 1395 498 1430 sine
532 1392 614 1429 sale
648 1406 850 1443 spargere,
884 1393 976 1430 dein
1011 1396 1146 1438 sarire,
1180 1393 1250 1431 εἴ*
1282 1396 1313 1431 si
1347 1397 1385 1431 in

201 1454 410 1492 articulum
440 1468 555 1505 seges
581 1455 717 1492 exire⁵
741 1458 932 1505 coeperit,
959 1469 1138 1499 runcare,
1163 1469 1214 1493 ne
1238 1454 1386 1493 herbae

203 1519 374 1552 vincant.
431 1523 587 1566 pestem
621 1530 643 1552 a
677 1517 785 1553 milio
817 1523 940 1567 atque
973 1520 1128 1566 panico,
1160 1523 1384 1554 sturnorum

203 1591 457 1627 passerumve
491 1581 665 1628 agmina,
697 1581 776 1616 scio
808 1579 912 1629 abigi
946 1577 1068 1616 herba
1099 1582 1209 1616 cuius
1241 1593 1384 1617 nomen

386 1679 394 1696 ¹
419 1681 575 1709 seratur?
592 1677 662 1709 coll.
681 1679 823 1718 acopon.
843 1678 1014 1719 Mayhoff:
1038 1679 1195 1710 satiatur.

383 1722 395 1739 ²
420 1720 550 1752 Urlich«
567 1721 831 1762 (hypogaeson):
856 1731 984 1754 aenum.

382 1763 395 1782 ³
423 1763 498 1795 Vll.
515 1764 669 1800 dulcedo,
686 1763 816 1796 ulcedo.

385 1807 398 1826 ⁴
420 1812 453 1838 et
471 1807 545 1838 add.
563 1807 740 1839 Rama-ham.

386 1850 398 1868 ⁸
421 1851 536 1881 exire?
556 1850 725 1891 illayhoff:
750 1850 806 1882 ire.

349 2005 363 2019 ⁶
387 2001 523 2042 Semper
539 2001 662 2038 vivum,
683 2002 690 2014 ‘
701 2011 780 2032 ever
794 2001 884 2032 alive
896 2001 915 2039 ¹,
933 2011 995 2033 our
1011 2001 1218 2036 house-leak.

204 2062 271 2097 288
