1486 2359
139 447 201 477 2ss7

140 1062 202 1093 20³

142 1493 204 1524 205»

430 153 623 191 PLINY:
666 152 928 190 NATURAL
965 149 1200 189 HISTORY

228 256 459 294 subicienda
495 255 826 305 contemplationi
862 260 937 298 est,
973 267 1051 304 quo
1085 253 1231 291 deinde
1265 252 1408 290 laetior

230 332 342 355 mens
369 317 548 355 discedat
576 330 597 353 a
623 316 735 353 caelo
762 322 803 353 et
831 315 939 353 facta
966 317 1116 352 sentiat
1143 327 1246 365 quae
1272 313 1406 351 futura

231 381 434 429 praenosci
453 392 530 414 non
548 381 711 428 possint.

284 440 410 477 LVII.
441 439 616 476 Primum
666 442 841 476 omnium
891 439 1044 476 dierum
1094 440 1267 487 ipsorum
1316 438 1406 474 anni

230 503 401 552 soiisque
442 507 574 538 motus
623 514 745 551 prope
784 499 1068 550 inexplicabilis
1106 501 1207 536 ratio
1245 504 1320 542 est,
1357 498 1405 536 ad

230 577 367 601 cccnxv
400 564 598 600 adiciente
632 563 765 600 anno¹
798 562 1049 599 intercalario
1081 561 1160 598 dici
1202 563 1407 610 noctisque

231 625 476 675 quadrantes
491 636 499 667 ;
528 627 584 661 ita
602 624 645 661 fit
663 630 707 660 ut
725 623 829 660 tradi
846 637 924 660 non
941 625 1091 673 possint
1106 628 1216 659 certa
1235 621 1408 659 siderum

230 694 428 737 tempora.
484 686 639 722 accedit
670 685 851 722 confessa
877 699 1007 722 rerum
1042 685 1274 727 obscuritas,
1306 696 1409 720 nunc

232 754 516 799 praecurrente
544 761 616 784 nec
643 750 777 797 paucis
804 747 944 783 diebus
970 751 1264 796 tempestatum
1292 747 1410 796 signi-

231 811 367 853 ficatu,
422 809 527 859 quod
582 811 839 859 προχειμάζειν
894 808 1038 845 Graeci
1094 812 1251 851 vocant,
1306 820 1410 844 nunc

231 873 527 922 postveniente,
559 870 665 921 quod
694 872 949 921 ἐπιχειμάζειν,
979 876 1020 907 et
1051 869 1288 919 plerumque
1315 868 1410 905 alias

231 933 426 971 celerius²
464 931 560 969 alias
599 932 751 969 tardius
788 931 951 969 caelesti
991 930 1135 969 effectu
1174 930 1226 968 ad
1261 936 1410 968 terram

231 995 421 1038 deciduo;
456 994 546 1031 inde
565 993 580 1017 ³
608 993 725 1044 vulgo
753 996 970 1030 serenitate
1000 993 1156 1030 reddita
1184 991 1410 1030 confectum

229 1057 335 1094 sidus
372 1056 565 1093 audimus.
621 1061 832 1105 praeterea
868 1069 958 1092 cum
995 1057 1127 1092 omnia
1162 1053 1261 1091 haec
1296 1056 1411 1091 statis

230 1118 423 1155 sideribus
470 1117 660 1167 caeloque
709 1116 848 1153 adfixis
895 1122 1094 1160 constent,
1141 1117 1411 1152 interveniunt

232 1185 364 1216 motus
380 1179 395 1201 ‘¹
417 1178 637 1221 stellarum,
658 1178 886 1228 grandines,
908 1178 1054 1215 imbres
1077 1183 1119 1215 et
1141 1179 1213 1227 ipsi
1236 1190 1315 1213 non
1336 1176 1411 1214 levi

231 1240 390 1283 effectu,
433 1246 477 1277 ut
519 1240 738 1283 docuimus,
780 1240 1027 1290 turbantque
1068 1244 1286 1289 conceptae
1327 1240 1411 1289 spei

231 1303 423 1339 ordinem.
480 1302 599 1352 idque
623 1315 671 1338 ne
695 1301 805 1339 nobis
829 1307 987 1338 tantum
1009 1307 1197 1351 putemus
1219 1299 1413 1345 accidere,

233 1371 273 1401 et
299 1364 449 1414 reliqua
473 1363 575 1400 fallit
599 1363 798 1406 animalia,
822 1366 1024 1413 sagaciora
1046 1365 1148 1400 circa
1170 1361 1243 1400 hoc
1267 1368 1311 1399 ut
1335 1375 1413 1413 quo

233 1429 312 1462 vita
329 1439 464 1462 eorum
479 1431 635 1462 constet
650 1437 659 1468 ;
688 1428 939 1475 aestivasque
953 1425 1068 1462 alites
1082 1426 1328 1475 praeposteri
1343 1430 1412 1461 aut

233 1490 485 1537 praeproperi
523 1490 669 1536 rigores
707 1493 866 1531 necant,
901 1486 1085 1523 hibernas
1121 1492 1266 1523 aestus.
1322 1485 1412 1523 ideo

233 1549 426 1595 Vergilius
455 1551 670 1585 errantium
700 1562 858 1598 quoque
886 1547 1059 1585 siderum
1087 1550 1283 1585 rationem
1311 1547 1412 1584 edis·

392 1647 400 1664 ¹
426 1644 589 1685 Detlessen
605 1657 611 1675 ε
637 1645 786 1676 adicient,
802 1655 877 1676 eam
895 1655 973 1676 non.

393 1690 403 1707 ²
427 1688 602 1729 Mayhoss:
627 1689 742 1719 scrius.

391 1733 403 1749 ’¹
428 1731 505 1762 inde
518 1735 531 1762 '2
550 1731 725 1771 Mayhoff:
752 1731 841 1762 unde
857 1736 914 1762 au!
931 1742 992 1763 om.
1011 1730 1154 1773 plerique
1171 1730 1260 1763 codd.

389 1774 403 1794 ⁴
425 1778 540 1806 motus
559 1774 692 1814 quidam
709 1774 803 1815 apud
819 1774 938 1806 Dalec:
963 1778 1072 1806 motu.

275 1938 290 1953 ⁰
313 1933 477 1965 Aristotle
500 1944 575 1964 uses
598 1932 825 1974 προχειμάζειν
848 1933 881 1965 in
904 1933 964 1965 tho
987 1943 1082 1965 sense
1097 1933 1133 1964 of
1150 1936 1208 1964 ‘to
1224 1932 1265 1963 be
1280 1936 1412 1974 stormy

233 1977 345 2008 before
359 1976 380 2013 ',
397 1977 465 2008 and
489 1976 707 2017 ἐπιχειμάζειν
735 1980 792 2007 ‘to
817 1975 858 2008 be
880 1980 1014 2018 stormy
1041 1975 1098 2007 αι’
1125 1986 1146 2006 a
1169 1976 1296 2007 certain
1319 1976 1410 2007 date.

232 2020 274 2051 In
291 2019 508 2060 Thucydides
526 2019 609 2061 ἐπιχ.
628 2030 745 2051 means
761 2024 769 2036 ⁴
781 2022 819 2051 to
836 2030 914 2061 pass
929 2020 989 2052 the
1005 2019 1125 2051 winter
1140 2023 1177 2049 at.
1189 2018 1196 2030 ’
1213 2029 1233 2050 a
1249 2018 1353 2060 placo.

234 2093 304 2129 3²0
