1486 2359
124 401 180 432 171

127 1302 183 1332 173

417 142 606 180 PLINY:
659 143 922 180 NATURAL
960 143 1194 181 HISTORY

215 248 419 296 quiescere
448 251 587 282 ventos
614 248 778 282 sationis
807 245 871 283 die
900 245 1175 290 utilissimum3
1217 246 1395 298 plerique

215 327 367 357 austros
387 327 544 370 optant,
563 320 664 358 Cato
683 321 855 358 abdicat.

265 396 462 433 Interesse
495 395 626 433 medio
658 402 982 445 temperamento
1013 398 1119 433 inter
1148 396 1262 434 binas
1295 399 1395 434 vites

214 477 372 520 oportet
412 471 534 520 pedes
573 473 727 521 quinos,
758 473 965 508 minimum
1005 477 1140 508 autem
1173 471 1282 509 laeto
1313 471 1396 509 solo

214 546 336 595 pedes-
358 552 587 595 quaternos,
607 548 718 583 tenui
739 545 952 596 plurimum
973 546 1331 584 octonos—Umbri
1354 553 1395 584 et

216 620 337 657 Marsi
375 621 425 658 ad
461 624 617 658 vicenos
653 624 928 658 intermittunt
964 624 1152 659 arationis
1188 624 1321 673 gratia
1357 625 1396 659 in

215 695 271 732 his
303 709 404 745 quae
435 702 578 733 vocant
608 696 837 746 porculeta;
865 696 1072 746 pluvioso¹
1107 702 1149 734 et
1182 697 1396 748 caliginoso

166 779 172 788 ⁸
210 777 343 808 tractu
361 774 526 808 rariores
543 773 651 821 poni,
668 774 770 809 sicco
787 771 1001 809 densiores.
1057 771 1257 810 subtilitas
1274 774 1396 822 parsi-

212 849 369 883 moniae
400 846 623 896 conpendia
655 849 819 890 invenit,
851 860 941 884 cum
972 849 1089 884 vinea
1121 849 1160 883 in
1191 850 1396 897 pastinato

210 928 379 965 seratur,
403 921 534 959 obiter
561 924 817 959 seminarium
846 921 1032 965 faciendi,
1057 927 1102 959 ut
1128 927 1170 959 et
1203 922 1394 960 viviradix

214 995 297 1033 loco
317 1010 387 1033 suo
408 1002 450 1033 et
469 996 675 1034 malleolus
697 999 763 1047 qui
786 996 1055 1034 transferatur
1078 1000 1183 1034 inter
1203 997 1273 1035 et²
1295 999 1396 1035 vites

213 1077 254 1108 et
281 1071 436 1108 ordines
463 1078 632 1116 seratur,
659 1085 762 1122 quae
788 1075 891 1109 ratio
917 1075 957 1109 in
983 1075 1121 1123 iugero
1147 1074 1304 1110 circiter
1329 1075 1394 1112 fv]

212 1147 465 1184 viviradicum
482 1147 629 1190 donat;
659 1150 827 1184 interest
847 1153 984 1184 autem
1006 1147 1213 1184 biennium
1230 1147 1395 1192 fructus,

213 1236 290 1272 quo
309 1222 460 1259 tardius
480 1225 519 1259 in
539 1228 627 1259 sato
646 1225 828 1272 provenit
848 1236 967 1272 quam
988 1225 1027 1259 in
1046 1222 1207 1260 tralato.

263 1297 476 1334 viveradix
509 1300 639 1346 posita
671 1301 710 1334 in
744 1300 859 1335 vinea
892 1304 981 1347 post
1014 1311 1161 1335 annum
1194 1304 1397 1336 resecatur

213 1386 337 1422 usqne
369 1373 419 1409 ad
448 1378 614 1417 terram,
643 1379 689 1410 ut
719 1386 819 1410 unus
849 1379 1009 1410 tantum
1041 1375 1217 1410 emineat
1247 1373 1396 1417 oculus,

211 1447 449 1484 adminiculo
471 1450 584 1485 iuxta
605 1448 738 1485 adfixo
759 1454 799 1485 et
824 1448 914 1485 iimo
936 1448 1086 1485 addito.
1141 1448 1255 1485 simili
1278 1448 1395 1486 modo

211 1530 251 1559 ct
277 1523 451 1559 secundo
477 1536 580 1560 anno
605 1523 794 1560 reciditur
819 1526 999 1574 viresque
1024 1526 1196 1574 concipit
1224 1529 1266 1561 et
1291 1526 1395 1561 intra

211 1611 252 1634 se
267 1601 391 1647 pascit
407 1597 641 1635 suffecturas
655 1601 776 1635 oneri.
831 1598 928 1635 alias
942 1598 1201 1636 festinatione
1216 1599 1394 1648 pariendi

210 1673 364 1722 gracilis
403 1679 526 1723 atque
561 1673 757 1717 ciuncida,
791 1676 829 1710 ni
862 1673 1097 1711 cohibeatur
1129 1676 1394 1725 castigatione

210 1748 295 1791 tali,
321 1751 359 1784 in
384 1747 512 1785 fetum
538 1755 659 1785 exeat
683 1754 785 1785 tota.
841 1748 934 1786 nihil
960 1749 1110 1786 avidius
1137 1751 1311 1786 nascitur
1334 1762 1394 1794 ac,

212 1826 283 1859 nisi
303 1824 352 1860 ad
372 1823 605 1873 pariendum
626 1826 725 1861 vires
744 1830 965 1868 serventur,
983 1830 1071 1861 tota
1091 1824 1134 1861 sit
1153 1823 1293 1862 fetus.³

482 1921 489 1939 ¹
517 1920 706 1952 Rackham:
732 1920 860 1962 pluvio.

481 1964 491 1982 ²
515 1968 549 1994 et
564 1963 639 1995 add.
658 1963 836 1995 Rani-ham.

479 2005 491 2024 ³
515 2005 613 2046 [nihil
637 2030 645 2037 .
671 2031 678 2038 .
702 2031 709 2038 .
733 2005 866 2047 fetusV
899 2006 1138 2047 Warnzinqton.

212 2068 276 2102 113
