1486 2359
147 982 165 1012 Ν)

170 982 188 1011 ko

416 168 501 206 PLI
511 169 606 206 NY:
658 167 923 205 NATURAL
960 167 1191 205 HISTORY

216 272 352 309 attulit
391 272 633 309 dictaturam
673 277 715 308 et
754 270 930 321 quidem,
969 277 1013 308 ut.
1051 271 1237 314 traditur,
1275 271 1396 316 nudo,

216 331 413 381 plenoque
428 331 440 353 ¹
468 333 628 367 nuntius
657 330 886 372 morarum,2
912 330 919 342 ‘
937 329 1035 366 Vela
1054 343 1194 379 corpus
1212 329 1234 373 ’‚
1253 333 1396 380 inquit,

216 389 223 402 ⁸
243 396 286 426 ut
315 390 513 439 perferam
541 396 703 425 senatus
731 389 944 438 populique
973 388 1139 425 Romani
1167 389 1358 426 mandata
1375 389 1395 426 ’.

215 448 316 484 tales
343 454 429 485 tum
458 451 581 484 etiam
610 451 780 484 viatores
808 454 936 490 erant,
964 447 1069 497 quod
1096 450 1223 496 ipsum
1251 461 1395 484 nomen

216 507 385 543 inditum
426 513 486 543 est
527 506 694 543 subinde
735 519 784 543 ex
825 509 927 554 agris
967 512 1153 543 senatum
1193 506 1394 556 ducesque

215 566 517 603 arcessentibus.
573 572 614 601 at
658 579 760 602 nunc
803 565 946 602 eadem
989 564 1054 601 illa
1097 567 1217 601 vincti
1260 565 1398 615 pedes,

215 624 433 661 damnatae
463 638 603 661 manus
635 626 891 674 inscriptique
923 623 1053 660 vultus
1085 629 1289 668 exercent,
1318 637 1396 660 non

214 689 299 720 tam
333 683 452 720 surda
486 682 629 720 tellure
665 696 769 732 quae
805 695 947 732 parens
983 681 1210 732 appellatur
1243 681 1396 732 colique

214 742 358 779 dicitur
378 748 422 779 ut
443 744 526 791 ipso
547 755 666 791 opere
680 742 695 765 ³
715 742 765 778 ab
785 741 843 777 his
869 742 1082 790 adsumpto
1106 754 1182 778 non
1204 744 1327 778 invita
1349 754 1396 778 ea

215 807 256 838 et
291 801 526 851 indignante
558 801 746 838 credatur
779 801 818 837 id
849 800 944 837 fieri.
1001 806 1041 837 et
1061 799 1076 823 ⁴
1108 813 1177 837 nos
1208 803 1397 837 miramur

215 860 505 910 ergastulorum
547 873 624 897 non
667 860 808 896 eadem
852 859 1123 896 emolumenta
1166 872 1252 896 esse
1293 872 1396 909 quae

214 918 361 955 fuerint
384 919 689 968 imperatorum!

264 977 308 1014 V.
341 977 468 1028 Igitur
486 978 536 1015 de
555 977 710 1014 cultura
731 979 814 1027 agri
834 979 1065 1026 praecipere
1085 976 1302 1026 principale
1321 976 1395 1014 fuit

215 1040 336 1073 etiam
358 1037 464 1086 apud
485 1042 658 1080 exteros,
678 1036 873 1087 siquidem
895 1042 936 1073 et
956 1049 1070 1086 reges
1091 1034 1239 1079 fecere,
1261 1035 1396 1079 Hiero,

215 1094 458 1132 Philometor
483 1095 660 1138 Attalus,
687 1094 920 1138 Archelaus,
947 1101 988 1131 et
1014 1095 1148 1138 duces,
1174 1093 1396 1144 Xenophon

214 1161 256 1191 et
277 1154 432 1191 Poenus
454 1157 577 1191 etiam
602 1154 740 1204 Mago,
760 1156 821 1190 cui
844 1153 1006 1204 quidem
1025 1159 1187 1190 tantum
1207 1151 1395 1190 honorem

213 1219 376 1250 senatus
389 1219 525 1250 noster
537 1212 677 1250 habuit
690 1211 934 1263 Carthagine
947 1217 1067 1262 capta
1078 1217 1138 1256 ut,
1149 1225 1239 1249 cum
1252 1211 1397 1262 regulis

214 1272 372 1309 Africae
390 1271 651 1308 bibliothecas
667 1272 852 1315 donaret,
868 1274 982 1308 unius
999 1273 1082 1308 eius
1098 1270 1396 1321 duodetriginta

214 1331 411 1367 volumina
432 1337 615 1367 censeret
637 1334 674 1367 in
699 1329 886 1367 Latinam
907 1330 1084 1380 linguam
1105 1328 1397 1372 transferenda,

212 1403 301 1426 cum
328 1393 407 1426 iam
438 1389 495 1426 M.
524 1390 626 1426 Cato
652 1395 871 1439 praecepta
896 1388 1153 1431 condidisset,
1179 1391 1396 1438 peritisque

214 1448 386 1485 Punicae
409 1448 585 1485 dandum
610 1451 831 1498 negotium,
854 1450 894 1484 in
917 1461 996 1498 quo
1018 1449 1236 1497 praecessit
1259 1460 1396 1502 omnes

266 1518 275 1536 ¹
301 1517 384 1549 Edd.
401 1529 408 1548 ε
435 1517 619 1558 plenosque
635 1522 692 1548 aut
709 1517 907 1558 plenusque.

261 1562 273 1579 ²
296 1561 437 1591 nuntius
453 1570 626 1591 morarum
643 1559 691 1591 cd.
709 1560 800 1592 Leid.
817 1571 850 1591 n.
870 1560 949 1596 vll,
965 1570 1009 1591 m.
1027 1561 1064 1590 2:
1091 1560 1190 1590 nunti
1207 1569 1247 1590 ac
1264 1569 1395 1591 morum

216 1603 286 1635 rell.
342 1604 440 1634 [ἀνία
456 1604 552 1635 docti.

260 1648 273 1665 ³
297 1647 369 1720 ipso
392 1647 553 1687 thyhoff,
574 1657 674 1687 opere
695 1646 810 1687 Silliq:
844 1650 882 1677 ut
902 1656 1002 1677 onere
1023 1649 1093 1686 (aut
1116 1649 1151 1677 et
1175 1646 1248 1687 ipsa
1271 1645 1395 1677 honere

216 1695 273 1721 uu!
289 1701 307 1719 (ι
327 1690 384 1726 iu).

260 1734 272 1752 ⁴
299 1734 334 1764 C.
351 1733 391 1764 F.
415 1733 461 1765 W.
480 1732 643 1764 Mueller:
668 1732 737 1764 sed.

259 1829 274 1843 ⁰
305 1825 426 1861 l'iaaeor.
453 1825 460 1837 ⁴
475 1829 582 1856 setter
606 1835 650 1856 on
675 1825 734 1856 the
759 1835 833 1866 way
851 1824 877 1862 ’ς
913 1824 976 1855 but
1000 1823 1059 1856 the
1083 1823 1176 1855 word
1202 1823 1395 1865 commonly

216 1874 333 1899 incant
353 1870 360 1880 ⁴
377 1868 544 1909 wayfarer
556 1868 575 1899 ‘.

255 1912 266 1930 ‘¹
292 1913 317 1941 A
337 1911 415 1951 play
432 1922 474 1942 on
492 1915 560 1941 two
576 1910 751 1950 meanings
767 1910 806 1941 of
817 1910 876 1941 the
892 1909 984 1941 word
1001 1909 1111 1941 colere.

258 1960 267 1972 ‘
293 1954 480 1994 Eryaetula,
507 1953 792 1990 ‘work-houses',
817 1964 903 1984 were
927 1954 1062 1994 private
1086 1953 1218 1993 prisona
1241 1952 1326 1993 kept
1351 1962 1395 1984 on

216 1998 303 2033 largo
321 2001 449 2029 estates
466 1998 500 2028 in
518 1997 627 2028 which
645 1997 832 2038 refractory
851 1996 961 2027 slaves
979 2006 1064 2027 were
1082 1995 1181 2027 made
1198 1999 1235 2027 to
1253 1995 1345 2027 work
1362 1995 1394 2027 in

213 2040 340 2071 chains.

210 2105 276 2129 202
