1486 2359
122 576 184 607 144

123 964 181 994 145

122 1351 183 1382 146

357 145 547 183 PLINY:
600 144 863 182 NATURAL
900 144 1138 181 HISTORY

209 255 404 285 autumno
441 251 596 285 misceri
634 254 676 284 et
712 250 789 284 seri
826 247 976 290 solitos,
1012 246 1153 284 melius
1191 252 1231 284 et
1270 260 1393 283 avena

211 313 451 356 Graeca‚cui
462 325 540 349 non
550 312 668 349 cadat
682 312 695 335 ¹
707 324 859 355 semen,
870 311 1050 348 admixta
1064 323 1073 354 ;
1093 310 1166 348 hoc
1177 314 1394 348 vocitatum

210 380 367 414 ocinum
389 377 591 427 boumque
612 390 729 414 causa
752 379 827 413 seri
849 375 1021 412 solitum.
1078 375 1201 412 Varro
1222 375 1395 425 appella—

210 448 296 478 tum
327 455 349 478 a
378 441 585 479 celeritate
614 440 872 491 proveniendi
903 454 924 477 e
954 440 1107 477 Graeco
1138 440 1245 490 quod
1282 441 1396 481 ὠκέως

212 506 363 543 dicunt.

264 570 416 607 XLIII.
450 570 609 607 Medica
631 576 799 607 externa
826 572 949 606 etiam
980 569 1173 607 Graeciae
1203 574 1279 613 est,
1299 575 1344 606 ut
1373 582 1395 605 a

212 634 344 672 Medis
387 635 554 672 advecta
596 648 667 685 per
708 634 813 671 bella
854 634 1063 671 Persarum
1105 647 1210 684 quae
1251 634 1395 670 Darius

210 700 360 744 intulit,
381 700 451 737 sed
471 699 533 737 vel
554 702 593 736 in
613 702 749 749 primis
770 699 939 736 dicenda
959 704 1077 735 tanta
1096 698 1166 736 dos
1191 697 1285 742 est‚²
1305 711 1395 735 cum

209 777 259 801 ex
276 777 354 800 uno
369 770 458 800 satu
475 763 643 814 amplius
661 777 780 814 quam
796 766 956 801 tricenis
973 765 1084 800 annis
1100 762 1231 800 duret.
1261 762 1395 800 similis

208 835 269 866 est
298 828 445 865 trifolio
473 829 585 866 caule
615 828 812 879 foliisque,
839 827 1092 878 geniculata;
1135 827 1328 878 quidquid
1356 830 1395 864 in

209 893 322 930 caule
353 893 532 943 adsurgit
561 892 654 930 folia
685 892 988 930 contrahuntur.
1046 905 1168 929 unum
1197 891 1249 929 de
1277 905 1326 929 ea
1354 897 1396 929 et

207 960 335 1008 cytiso
373 958 556 994 volumen
593 956 880 1007 Amphilochus
917 959 1137 1007 conposuit.
1193 956 1319 994 solum
1356 959 1395 993 in

210 1036 288 1073 quo
341 1028 496 1059 seratur
549 1022 796 1072 elapidatum
850 1027 1147 1072 purgatumque
1200 1021 1397 1072 subigitur

210 1094 418 1131 autumno,
442 1101 535 1124 mox
563 1093 720 1124 aratum
750 1092 792 1124 et
820 1092 1002 1124 occatum
1032 1088 1226 1136 integitur
1253 1085 1394 1123 creta⁸

210 1154 356 1188 iterum
379 1165 425 1189 ac
448 1154 629 1195 tertium,
653 1154 782 1202 quinis
805 1152 946 1188 diebus
970 1153 1213 1201 interpositis
1238 1156 1279 1188 et
1304 1150 1395 1187 fimo

209 1216 527 1266 addito—poscit
548 1222 684 1253 autem
705 1219 850 1253 siccum
872 1228 1136 1266 sucosumque
1156 1215 1218 1251 vel
1239 1218 1394 1265 riguum

210 1287 303 1317 —et
324 1284 380 1317 ita
400 1287 639 1331 praeparato
660 1283 804 1317 seritur
823 1293 960 1317 mense
985 1280 1109 1321 Maio,
1131 1279 1225 1316 alias
1246 1281 1395 1330 pruinis

209 1346 393 1382 obnoxia.
449 1359 546 1395 opus
570 1351 630 1382 est
651 1345 854 1382 densitate
876 1347 1036 1382 seminis
1059 1347 1191 1381 onmia
1213 1347 1393 1394 occupari

211 1413 607 1460 internascentesque
646 1409 789 1447 herbas
828 1409 1078 1447 excludi—id
1115 1414 1323 1459 praestant
1355 1411 1393 1445 in

209 1477 346 1524 iugera
385 1475 491 1512 modi
534 1474 699 1511 iii4—et
743 1474 994 1511 cavendumf’
1040 1487 1091 1511 ne
1135 1473 1278 1511 adurat
1323 1472 1394 1517 sol,

207 1545 395 1589 terraque
411 1542 590 1588 protinus
606 1542 731 1589 integi
752 1539 888 1576 debet.
943 1541 974 1576 si
995 1541 1046 1576 sit
1067 1538 1245 1575 umidum
1266 1537 1391 1575 solum

208 1602 486 1642 herbosunive.
525 1606 693 1640 vincitur
731 1609 771 1640 et
802 1603 983 1640 desciscit
1016 1605 1055 1639 in
1087 1608 1269 1653 pratum3
1303 1601 1393 1639 ideo

209 1671 388 1718 protinus
414 1667 626 1705 altitudine
654 1668 796 1704 unciali
823 1667 954 1705 herbis
981 1667 1162 1704 omnibus
1189 1666 1392 1704 liberanda

209 1739 284 1777 est,
319 1745 437 1769 manu
472 1736 604 1782 potius
638 1746 758 1783 quam
793 1732 956 1770 sarculo.
1012 1738 1170 1769 secatur
1203 1734 1392 1782 incipiens

258 1819 271 1838 ¹
293 1818 484 1850 Rackham:
510 1818 612 1850 cadit.

256 1863 268 1881 ¹
294 1862 468 1902 Mayhoff:
493 1861 557 1892 alii
571 1861 660 1892 alia:
685 1865 731 1893 et.

256 1904 269 1923 ³
293 1904 457 1945 Detlessen
473 1917 479 1936 :
505 1909 598 1936 crate
615 1905 800 1944 (inducitur
817 1907 934 1936 crate?
953 1904 1133 1945 Mayhoff).

255 1948 268 1966 ⁴
294 1948 467 1988 Mayhoff:
494 1949 537 1979 vi.

257 1991 267 2009 ⁵
292 1995 326 2021 et
340 1990 530 2022 cavendum
543 1990 714 2032 Mayhoff:
736 1990 826 2021 varia
839 1989 909 2022 cdd.
923 1990 1139 2028 (cavendam,
1152 1989 1390 2027 eimvendam,

211 2034 376 2072 vindem).

207 2087 278 2124 280
