1486 2359
146 690 208 720 35⁴1

147 925 204 956 351

147 1337 208 1367 352

446 168 612 205 PLINY
627 182 635 205 ι
678 169 941 207 NATURAL
979 169 1215 207 HISTORY

236 272 403 309 imbrem
441 274 481 308 in
518 272 747 322 plenilunio.
801 275 833 310 si
872 273 991 323 plena
1028 276 1133 311 circa
1169 287 1211 311 se
1250 273 1419 312 habebit

235 332 386 374 orbem,
418 344 468 368 ex
501 344 579 381 qua
609 337 726 381 parte
757 334 788 369 is
820 334 995 369 maxime
1026 333 1254 382 splendebit
1286 346 1336 371 ex
1369 346 1418 371 ea

236 396 400 426 ventum
422 390 624 433 ostendet,
645 393 676 427 si
699 393 739 427 in
761 397 850 428 ortu
872 404 1021 428 cornua
1041 394 1232 429 crassiora
1254 391 1419 436 fuerint,

236 448 434 485 horridam
457 455 759 498 tempestatem.
814 452 845 486 si
869 455 964 487 ante
988 456 1173 500 quartam
1197 464 1276 488 non
1299 464 1421 502 appa-

236 510 358 543 ruerit
385 514 505 544 vento
525 507 683 545 favonio
702 508 841 552 flante,
860 507 1040 546 hiemalis
1060 514 1149 546 toto
1172 522 1309 547 mense
1331 513 1419 547 erit.

234 569 266 602 si
307 578 370 602 xv¹
415 565 691 603 vehementius
737 566 924 604 flammea
969 570 1215 618 apparuerit,
1259 581 1419 619 asperas

234 631 501 674 tempestates
520 625 777 675 praesagiet.’

286 682 386 720 Sunt
402 690 444 720 et
457 687 578 733 ipsius
594 684 712 721 lunae
727 697 799 721 V111
815 685 985 729 articuli,
1000 687 1185 735 quotiens
1199 688 1240 722 in
1253 685 1420 736 angulos

235 742 324 778 solis
340 743 504 787 incidat,
519 743 718 794 plerisque
735 746 840 781 inter
855 757 922 781 eos
937 750 1100 781 tantum
1115 744 1418 782 observantibus

236 804 443 851 praesagia
464 805 562 846 eius,
582 801 655 839 hoc
677 808 739 840 est
761 815 821 847 111,
840 816 910 847 vn,
931 816 984 847 XI,
998 816 1061 847 xv,
1082 815 1162 848 Jnx,
1183 816 1296 849 xxm,
1311 816 1417 841 xxvu

236 866 277 897 et
295 860 565 898 interlunium.

287 918 449 956 LXXX.
478 920 614 957 Tertio
640 920 726 957 loco
752 920 960 958 stellarum
987 921 1308 958 observationem
1335 934 1421 959 esse

234 984 407 1028 oportet.
461 979 680 1016 discurrere
697 978 773 1016 hae
792 980 977 1017 videntur
993 975 1211 1025 interdum,
1227 983 1419 1031 ventique

235 1039 413 1087 protinus
441 1044 631 1075 secuntur
658 1041 697 1075 in
725 1052 894 1088 quorum
921 1045 1038 1089 parte
1066 1041 1123 1076 ita
1151 1042 1419 1090 praesagiere.

233 1096 389 1133 caelum
415 1110 506 1134 cum
533 1097 758 1147 aequaliter
783 1104 916 1134 totum
945 1101 1021 1135 erit
1048 1097 1301 1148 splendidum
1328 1101 1421 1135 arti-

233 1155 330 1192 culis
355 1161 583 1205 temporum
610 1170 707 1206 quos
734 1159 1024 1206 proposuimus,
1050 1162 1291 1194 autumnum
1315 1170 1421 1195 sere-

235 1228 330 1250 num
347 1215 570 1264 praestabit
588 1221 630 1252 et
645 1215 846 1265 frigidum.
902 1218 934 1252 si
950 1229 1018 1253 ver
1034 1221 1076 1253 et
1092 1222 1225 1253 aestas
1242 1229 1320 1253 non
1336 1218 1420 1254 sine

235 1272 440 1323 refrigerio
467 1273 599 1323 aliquo
625 1277 872 1318 transierint,
899 1281 1138 1311 autumnum
1163 1288 1350 1312 serenum
1375 1288 1421 1312 ac

235 1332 403 1369 densum
423 1333 437 1356 1
488 1335 698 1383 minusque
754 1339 964 1370 ventosum
1018 1333 1182 1371 facient.
1237 1337 1420 1372 autumni

236 1394 429 1428 serenitas
476 1398 685 1429 ventosam
731 1390 906 1429 hiemem
952 1392 1062 1430 facit.
1115 1406 1206 1430 cum
1252 1399 1420 1443 repente

235 1450 442 1486 stellarum
470 1450 600 1500 fulgor
627 1451 863 1488 obscuratur
889 1457 932 1488 et
959 1451 999 1488 id
1026 1464 1158 1502 neque
1186 1451 1322 1489 nubilo
1349 1465 1421 1490 nec

234 1509 418 1559 ealigine,
429 1509 563 1558 pluvia
575 1515 645 1546 aut
658 1510 672 1533 ²
685 1523 825 1560 graves
839 1510 1130 1547 denuntiantur
1140 1516 1420 1560 tempestates.

235 1570 266 1604 si
299 1567 465 1604 volitare
498 1568 631 1618 plures
664 1568 806 1606 stellae
843 1569 1096 1613 videbuntur,
1130 1583 1208 1619 quo
1241 1568 1422 1607 ferentur

235 1626 485 1663 albescentes
526 1633 666 1664 ventos
708 1641 757 1664 ex
798 1630 829 1664 is
870 1628 1050 1677 partibus
1091 1628 1350 1673 nuntiabunt,
1389 1631 1419 1665 si

235 1685 534 1730 coruscabunt‚³
559 1692 703 1730 certos,
731 1689 762 1723 si
790 1686 829 1723 id
857 1689 896 1723 in
924 1686 1101 1739 pluribus
1129 1687 1309 1736 partibus
1337 1687 1420 1732 fiet,

237 1747 508 1781 inconstantes
533 1751 672 1782 ventos
696 1751 738 1782 et
762 1744 950 1795 undique.
1005 1749 1037 1783 si
1059 1745 1265 1783 stellarum
1289 1758 1420 1783 erran-

504 1826 515 1844 ¹
541 1829 669 1856 tersum
686 1824 826 1866 Hoffius.

505 1868 517 1887 ²
541 1868 672 1900 Gelam:
699 1868 854 1900 fluviant.

503 1911 516 1929 ³
543 1911 699 1951 „Urmlmff
709 1923 717 1943 :
741 1915 804 1942 aut
819 1912 847 1943 si
865 1922 945 1943 eura
961 1912 1116 1944 stabunt.

283 2034 294 2053 ὓ
319 1991 589 2074 ἓξιΙέΙ-ὲὲευὸῑὲ
607 2036 670 2066 350
686 2036 761 2075 just
777 2034 898 2072 above,
919 2035 982 2066 but
999 2035 1097 2067 those
1113 2037 1214 2077 given
1232 2036 1264 2067 in
1281 2036 1297 2076 §
1315 2036 1389 2068 222.

234 2098 305 2142 408
