1486 2359
427 165 593 204 PLINY
608 179 617 203 z
659 165 923 204 NATURAL
959 164 1195 204 HISTORY

215 276 470 309 conservatus
499 272 539 307 in
568 269 821 320 aegritudine
849 269 977 306 fertur
1006 269 1219 319 prudentia
1252 269 1396 309 Musae

215 346 371 389 medici,
402 359 493 383 cum
524 348 661 395 prioris
694 345 736 382 C.
770 344 944 382 Aemilil
979 345 1117 395 religio
1148 347 1270 382 nimia
1303 358 1394 384 eam

215 422 450 472 abnegaret,
487 423 527 458 in
563 427 725 458 tantum
767 426 929 470 recepta
962 420 1311 458 commendatione
1350 427 1396 459 ut

216 500 362 534 servari
396 499 520 534 etiam
554 499 593 533 in
627 496 776 534 alienos
810 509 966 533 menses
1001 508 1068 533 eas
1102 496 1276 547 oxymeli
1309 502 1398 534 tum

216 578 420 623 repertum
441 575 504 609 sit.
557 574 793 622 sanguinem
815 584 974 622 quoque
996 584 1144 622 augere
1168 571 1400 610 ereduntur.

268 648 340 685 Est
357 650 578 685 etiamnum
595 660 700 698 quae
717 653 881 685 vocatur
896 649 1059 697 caprina
1075 647 1233 685 lactuca
1249 647 1301 686 de
1317 661 1398 699 qua

216 723 392 761 dicemus
416 726 521 760 inter
547 723 745 766 medicas3
775 728 817 760 et
837 735 930 759 ecce
951 705 1042 760 cum
1070 725 1244 760 maxime
1264 726 1398 774 coepit

215 802 396 849 inrepere
417 801 551 836 sativis
573 798 790 836 admodum
810 798 981 848 probata
1002 811 1107 849 quae
1129 797 1265 836 Cilicia
1285 812 1400 838 voca-

214 881 294 919 tur,
314 874 406 911 folio
426 874 741 924 Cappadocicae,
762 876 800 911 ni
821 876 994 923 crispum
1013 873 1215 925 latiusque
1235 880 1356 912 esset.

128 955 188 986 129
265 949 454 987 XXXIX.
487 949 628 1000 Neque
666 962 716 987 ex
753 949 896 987 eodem
931 962 1080 1000 genere
1116 955 1282 1000 possunt
1316 950 1395 989 dici

217 1039 347 1076 neque
368 1039 418 1063 ex
436 1025 512 1063 alio
537 1025 680 1070 intubi,
697 1024 840 1063 hiemis
865 1024 905 1062 hi
929 1027 1190 1075 patientiores
1214 1028 1399 1077 virusque

213 1101 502 1152 praeferentes,
528 1101 599 1138 sed
627 1101 741 1138 caule
770 1114 848 1137 non
877 1103 1006 1138 minus
1035 1103 1154 1152 grati.
1209 1107 1397 1140 seruntur

215 1177 265 1214 ab
303 1179 553 1227 aequinoctio
589 1189 723 1221 verno,
754 1176 918 1226 plantae
957 1189 1094 1214 eorum
1127 1176 1266 1214 ultimo
1302 1190 1394 1216 vere

214 1252 520 1290 transferuntur.
576 1257 637 1289 est
676 1258 718 1289 et
751 1254 966 1289 erraticum
998 1252 1182 1289 intubum
1214 1252 1321 1303 quod
1351 1255 1392 1290 in

218 1329 407 1378 Aegypto
457 1327 670 1365 cichorium
722 1333 880 1372 vocant,
922 1327 974 1365 de
1015 1341 1093 1378 quo
1133 1327 1246 1377 plura
1287 1327 1395 1367 alias.

215 1406 421 1440 inventum
457 1416 594 1441 omnes
630 1402 787 1454 thyrsos
816 1402 879 1440 vel
908 1402 1002 1440 folia
1029 1402 1276 1441 lactucarum
1305 1417 1392 1455 pro·

215 1492 354 1530 rogare
371 1481 495 1515 urceis
511 1478 690 1516 conditos
711 1484 753 1516 et
774 1484 955 1516 recentes
978 1481 1017 1516 in
1038 1481 1185 1529 patinis
1206 1492 1392 1530 coquere.

124 1560 184 1591 130
210 1561 396 1592 seruntur
424 1554 604 1592 lactucae
634 1567 738 1591 anno
763 1560 851 1592 toto
881 1554 999 1592 laetis
1025 1560 1068 1592 et
1097 1557 1220 1605 riguis
1246 1561 1396 1594 sterco-

214 1633 404 1680 ratisque‚
426 1630 526 1666 binis
548 1630 749 1666 mensibus
772 1632 876 1667 inter
902 1642 1038 1667 semen
1064 1629 1328 1682 plantamque
1347 1637 1390 1669 et

214 1708 504 1742 maturitatem.
570 1705 794 1756 legitimum
831 1712 971 1742 tamen
1009 1719 1031 1743 a
1074 1705 1217 1744 bruma
1253 1720 1391 1745 semen

213 1783 357 1824 iacere,
369 1780 551 1830 plantam
564 1780 721 1818 favonio
733 1780 967 1825 transferre,
981 1787 1051 1818 aut
1067 1794 1205 1819 semen
1217 1781 1392 1828 favonio,

212 1856 390 1906 plantam
411 1858 662 1906 acquinoctio
683 1869 813 1893 verno.
870 1856 985 1894 albae
1011 1859 1187 1894 maxime
1216 1855 1389 1895 hiemem

126 1937 181 1968 131
214 1932 398 1969 tolerant.
445 1945 582 1969 umore
594 1934 726 1969 omnia
740 1930 941 1969 hortensia
954 1932 1134 1981 gaudent
1148 1938 1190 1970 et
1202 1938 1394 1977 stercore,

540 2039 549 2057 ¹
574 2039 612 2070 C.
629 2039 670 2070 F.
689 2039 883 2071 Hermann:
909 2039 1040 2071 cameli.

214 2113 283 2149 504
