1486 2359
111 308 151 337 20

110 691 152 721 30

110 947 146 977 31

381 133 570 170 PLINY:
623 132 886 169 NATURAL
924 130 1159 168 HISTORY

178 244 440 289 quaestuosus
458 239 522 279 sit,
540 238 569 272 si
588 242 726 272 tamen
745 241 787 272 et
805 240 1074 284 sumptuosus,
1091 248 1170 271 non
1187 234 1358 271 multum

179 315 397 351 superesse.
454 300 517 337 ille.
560 303 598 336 in
641 313 736 347 agro
778 301 1170 349 quaestuosissimam
1211 298 1360 336 iudicat

181 369 431 402 vitem—non
455 364 614 407 frustra,
631 366 817 414 quoniam
839 369 933 400 ante
953 365 1085 399 omnia
1105 362 1155 399 de
1171 364 1360 412 inpensae

181 432 333 466 ratione
354 431 690 478 cavit—proxime
710 426 845 464 hortos
865 429 1042 477 irriguos.
1099 440 1170 464 nec
1190 426 1230 463 id
1249 426 1362 470 falso,

179 497 207 530 si
237 494 309 530 sub
338 493 484 542 oppido
511 495 686 529 sint—et.
715 498 832 541 prata
860 493 1013 541 antiqui
1041 496 1183 540 parata
1210 490 1361 528 dixere.

180 558 365 607 idemque
402 558 504 593 Cato
540 559 811 606 interrogatus
848 558 913 605 qui
931 555 945 578 ¹
981 561 1088 592 esset
1122 557 1362 592 certissimus

180 628 383 671 quaestus,
406 621 609 670 respondit
633 620 640 632 ⁴
657 619 696 657 Si
719 620 823 657 bene
845 633 986 669 pascas
1002 618 1024 663 '‚
1044 621 1111 669 qui
1133 618 1362 668 proximus?

183 687 189 697 “
210 685 247 721 Si
267 692 328 721 sat
348 685 451 721 bene
470 684 498 721 ’τ
532 698 686 721 summa
705 686 881 721 omnium
900 686 939 720 in
958 682 1031 720 hoc
1050 683 1270 733 spectando
1288 683 1363 720 fuit

180 756 222 786 ut
252 749 402 786 fructus
431 752 462 785 is
491 751 664 785 maxime
693 748 931 798 probaretur
958 750 1025 798 qui
1054 760 1173 798 quam
1201 749 1364 784 minimo

180 814 366 863 inpendio
378 819 631 850 constaturus
646 819 764 849 esset.
819 811 892 849 hoc
907 825 955 849 ex
968 811 1145 849 locorum
1157 814 1363 849 occasione

180 878 295 914 alitcr
337 877 428 914 alibi
471 877 721 920 decernitur3
766 876 989 927 eodemque
1034 878 1211 925 pertinet
1257 875 1363 926 quod

180 941 392 991 agricolam
409 942 511 978 Cato
527 941 745 978 vendacem
763 954 848 977 esse
865 946 1050 990 oportere
1066 941 1181 983 dixit,
1196 939 1363 977 fundum

181 1009 218 1042 in
243 1005 515 1042 adulescentia
539 1005 827 1042 conserendum
853 1007 937 1042 sine
960 1007 1233 1049 cunctatione,
1257 1004 1364 1042 aedi-

181 1070 378 1107 ficandum
391 1084 468 1106 non
482 1072 553 1106 nisi
565 1072 717 1106 consito
729 1083 838 1120 agro,
850 1075 945 1106 tunc
959 1082 1117 1119 quoque
1128 1074 1367 1106 cunctanter

181 1135 473 1184 (optimumque
494 1141 568 1177 est,
587 1140 631 1171 ut
651 1133 766 1184 volgo
784 1134 936 1177 dixere,
955 1133 1084 1170 aliena
1103 1135 1257 1170 insania
1274 1132 1365 1178 frui,

180 1199 250 1235 sed
273 1201 328 1235 ita
353 1204 397 1235 ut
421 1198 600 1235 villarum
623 1198 753 1235 tutela
777 1212 855 1235 non
877 1200 928 1234 sit
950 1198 1091 1248 oneri),
1114 1211 1205 1235 eum
1227 1203 1366 1235 tamen

182 1265 246 1312 qui
293 1263 396 1299 bene
442 1262 600 1299 habitet
644 1265 802 1312 saepius
848 1265 1048 1299 ventitare
1092 1264 1131 1298 in
1175 1275 1367 1312 agrum—

182 1326 434 1376 frontemque
466 1327 614 1364 domini
646 1326 732 1376 plus
764 1325 953 1376 prodesse
983 1339 1105 1376 quam
1135 1328 1363 1376 occipitium

182 1404 258 1427 non
278 1394 538 1428 mentiuntur.

235 1455 324 1492 Vll.
358 1455 502 1492 Modus
529 1454 591 1492 hic
618 1455 810 1505 probatur
836 1460 889 1492 ut·
907 1468 1038 1505 neque
1068 1454 1212 1492 fundus
1233 1454 1365 1492 villam

182 1526 349 1568 quaerat
380 1533 509 1570 neque
539 1519 630 1556 villa
659 1519 841 1563 fundum,
870 1532 962 1562 non,
989 1525 1034 1556 ut
1063 1519 1226 1556 fecere²
1252 1521 1367 1556 iuxta

182 1583 343 1619 diversis
373 1584 441 1620 in³
470 1584 612 1621 eadem
643 1589 782 1621 aetate
812 1583 1004 1633 exemplis
1035 1583 1080 1620 L.
1110 1583 1295 1621 Lucullus
1324 1589 1366 1621 et

180 1647 229 1693 Q.
250 1647 453 1692 Scaevola,
468 1662 558 1685 cum
575 1647 665 1684 villa
686 1647 902 1686 Scaevolae
922 1647 1073 1685 fructus
1089 1661 1168 1686 non
1187 1653 1366 1698 caperet,

323 1750 328 1766 ¹
357 1750 439 1789 qui'!
461 1749 633 1789 J!'¹.'ll“¹fs³
661 1750 745 1790 quiri.

320 1793 332 1811 ¹
359 1793 530 1832 ,lla-illust:
557 1792 683 1823 fecerit.

316 1836 328 1854 ³
355 1836 510 1876 Maylzaffs
523 1836 679 1875 <diversis
698 1835 861 1867 Erasmus
877 1835 924 1867 ed.
944 1836 1057 1873 Bao.):
1083 1836 1267 1868 diversum.

422 2002 435 2016 ⁰
459 1998 519 2029 l.e.
536 2001 573 2028 to
592 1998 660 2041 buy
678 1997 800 2030 houses
818 1997 904 2029 built
921 1997 966 2039 by
983 1998 1108 2030 others.

183 2059 250 2094 208
