<?xml version="1.0" encoding="UTF-8"?>
<!DOCTYPE html PUBLIC "-//W3C//DTD XHTML 1.0 Transitional//EN"
    "http://www.w3.org/TR/xhtml1/DTD/xhtml1-transitional.dtd">
<html xmlns="http://www.w3.org/1999/xhtml" xml:lang="en" lang="en">
 <head>
  <title>
</title>
<meta http-equiv="Content-Type" content="text/html;charset=utf-8" />
  <meta name='ocr-system' content='tesseract 3.04.00' />
  <meta name='ocr-capabilities' content='ocr_page ocr_carea ocr_par ocr_line ocrx_word'/>
</head>
<body>
  <div class='ocr_page' id='page_1' title='image "./naturalhistory05plinuoft/naturalhistory05plinuoft_0370.png"; bbox 0 0 1486 2359; ppageno 0'>
   <div class='ocr_carea' id='block_1_1' title="bbox 419 154 1185 193">
    <p class='ocr_par' dir='ltr' id='par_1_1' title="bbox 419 154 1185 193">
     <span class='ocr_line' id='line_1_1' title="bbox 419 154 1185 193; baseline 0 -1"><span class='ocrx_word' id='word_1_1' title='bbox 419 156 584 193; x_wconf 90' lang='lat' dir='ltr'>PLINY</span> <span class='ocrx_word' id='word_1_2' title='bbox 598 169 607 193; x_wconf 91' lang='lat'>:</span> <span class='ocrx_word' id='word_1_3' title='bbox 650 155 913 193; x_wconf 89' lang='lat' dir='ltr'>NATURAL</span> <span class='ocrx_word' id='word_1_4' title='bbox 948 154 1185 193; x_wconf 84' lang='lat' dir='ltr'>HISTORY</span> 
     </span>
    </p>
   </div>
   <div class='ocr_carea' id='block_1_2' title="bbox 119 259 1391 1773">
    <p class='ocr_par' dir='ltr' id='par_1_2' title="bbox 120 259 1390 657">
     <span class='ocr_line' id='line_1_2' title="bbox 120 259 1388 309; baseline 0.002 -13"><span class='ocrx_word' id='word_1_5' title='bbox 120 266 182 296; x_wconf 75' lang='lat'>264</span> <span class='ocrx_word' id='word_1_6' title='bbox 263 260 450 297; x_wconf 70' lang='lat' dir='ltr'>LXVIII.</span> <span class='ocrx_word' id='word_1_7' title='bbox 480 259 701 296; x_wconf 83' lang='lat' dir='ltr'>Solstitium</span> <span class='ocrx_word' id='word_1_8' title='bbox 727 262 865 309; x_wconf 86' lang='lat' dir='ltr'>peragi</span> <span class='ocrx_word' id='word_1_9' title='bbox 891 262 931 296; x_wconf 90' lang='lat' dir='ltr'>in</span> <span class='ocrx_word' id='word_1_10' title='bbox 956 265 1096 296; x_wconf 87' lang='lat' dir='ltr'>octava</span> <span class='ocrx_word' id='word_1_11' title='bbox 1122 265 1235 309; x_wconf 83' lang='lat' dir='ltr'>parte</span> <span class='ocrx_word' id='word_1_12' title='bbox 1260 262 1388 298; x_wconf 83' lang='lat' dir='ltr'>caneri</span> 
     </span>
     <span class='ocr_line' id='line_1_3' title="bbox 209 327 1390 379; baseline 0.001 -13"><span class='ocrx_word' id='word_1_13' title='bbox 209 336 250 367; x_wconf 90' lang='lat' dir='ltr'>et</span> <span class='ocrx_word' id='word_1_14' title='bbox 281 342 353 365; x_wconf 80' lang='lat' dir='ltr'>vm</span> <span class='ocrx_word' id='word_1_15' title='bbox 386 329 463 365; x_wconf 85' lang='lat' dir='ltr'>kal.</span> <span class='ocrx_word' id='word_1_16' title='bbox 498 328 570 365; x_wconf 90' lang='lat' dir='ltr'>Iul.</span> <span class='ocrx_word' id='word_1_17' title='bbox 603 329 786 365; x_wconf 83' lang='lat' dir='ltr'><strong>diximus.</strong></span> <span class='ocrx_word' id='word_1_18' title='bbox 843 342 1010 379; x_wconf 86' lang='lat' dir='ltr'>magnus</span> <span class='ocrx_word' id='word_1_19' title='bbox 1042 327 1104 366; x_wconf 89' lang='lat' dir='ltr'>hie</span> <span class='ocrx_word' id='word_1_20' title='bbox 1135 332 1228 366; x_wconf 87' lang='lat' dir='ltr'>anni</span> <span class='ocrx_word' id='word_1_21' title='bbox 1257 329 1390 374; x_wconf 86' lang='lat' dir='ltr'>cardo,</span> 
     </span>
     <span class='ocr_line' id='line_1_4' title="bbox 208 397 1390 448; baseline 0.001 -13"><span class='ocrx_word' id='word_1_22' title='bbox 208 412 355 448; x_wconf 87' lang='lat' dir='ltr'>magna</span> <span class='ocrx_word' id='word_1_23' title='bbox 381 412 443 435; x_wconf 91' lang='lat' dir='ltr'>res</span> <span class='ocrx_word' id='word_1_24' title='bbox 470 398 620 435; x_wconf 81' lang='lat' dir='ltr'>mundi.</span> <span class='ocrx_word' id='word_1_25' title='bbox 676 401 715 434; x_wconf 91' lang='lat' dir='ltr'>in</span> <span class='ocrx_word' id='word_1_26' title='bbox 742 397 814 435; x_wconf 91' lang='lat' dir='ltr'>hoc</span> <span class='ocrx_word' id='word_1_27' title='bbox 842 411 968 448; x_wconf 86' lang='lat' dir='ltr'>usque</span> <span class='ocrx_word' id='word_1_28' title='bbox 994 411 1017 434; x_wconf 88' lang='lat' dir='ltr'>a</span> <span class='ocrx_word' id='word_1_29' title='bbox 1042 398 1183 436; x_wconf 86' lang='lat' dir='ltr'>bruma</span> <span class='ocrx_word' id='word_1_30' title='bbox 1208 404 1390 436; x_wconf 86' lang='lat' dir='ltr'>crescunt</span> 
     </span>
     <span class='ocr_line' id='line_1_5' title="bbox 208 466 1390 518; baseline 0 -13"><span class='ocrx_word' id='word_1_31' title='bbox 208 468 292 505; x_wconf 87' lang='lat' dir='ltr'>dies</span> <span class='ocrx_word' id='word_1_32' title='bbox 306 467 548 518; x_wconf 85' lang='lat' dir='ltr'>[creverunt]</span> <span class='ocrx_word' id='word_1_33' title='bbox 557 467 584 502; x_wconf 79' lang='lat'>1.</span> <span class='ocrx_word' id='word_1_34' title='bbox 608 480 679 504; x_wconf 90' lang='lat' dir='ltr'>sex</span> <span class='ocrx_word' id='word_1_35' title='bbox 695 467 921 504; x_wconf 76' lang='lat' dir='ltr'>mensibus2</span> <span class='ocrx_word' id='word_1_36' title='bbox 933 466 990 504; x_wconf 91' lang='lat' dir='ltr'>sol</span> <span class='ocrx_word' id='word_1_37' title='bbox 1002 469 1087 517; x_wconf 89' lang='lat' dir='ltr'>ipse</span> <span class='ocrx_word' id='word_1_38' title='bbox 1100 467 1152 505; x_wconf 90' lang='lat' dir='ltr'>ad</span> <span class='ocrx_word' id='word_1_39' title='bbox 1164 467 1390 518; x_wconf 87' lang='lat' dir='ltr'>aquilonem</span> 
     </span>
     <span class='ocr_line' id='line_1_6' title="bbox 208 536 1390 587; baseline 0.002 -14"><span class='ocrx_word' id='word_1_40' title='bbox 208 537 400 574; x_wconf 84' lang='lat' dir='ltr'>scandens</span> <span class='ocrx_word' id='word_1_41' title='bbox 432 550 477 574; x_wconf 89' lang='lat' dir='ltr'>ac</span> <span class='ocrx_word' id='word_1_42' title='bbox 509 550 581 586; x_wconf 86' lang='lat' dir='ltr'>per</span> <span class='ocrx_word' id='word_1_43' title='bbox 611 536 735 573; x_wconf 88' lang='lat' dir='ltr'>ardua</span> <span class='ocrx_word' id='word_1_44' title='bbox 764 536 924 573; x_wconf 82' lang='lat' dir='ltr'>enisus³</span> <span class='ocrx_word' id='word_1_45' title='bbox 951 536 1002 573; x_wconf 89' lang='lat' dir='ltr'>ab</span> <span class='ocrx_word' id='word_1_46' title='bbox 1033 549 1082 573; x_wconf 87' lang='lat' dir='ltr'>ea</span> <span class='ocrx_word' id='word_1_47' title='bbox 1112 542 1223 574; x_wconf 86' lang='lat' dir='ltr'>meta</span> <span class='ocrx_word' id='word_1_48' title='bbox 1253 539 1390 587; x_wconf 81' lang='lat' dir='ltr'><strong>incipit</strong></span> 
     </span>
     <span class='ocr_line' id='line_1_7' title="bbox 209 606 1390 657; baseline 0.001 -14"><span class='ocrx_word' id='word_1_49' title='bbox 209 607 313 643; x_wconf 80' lang='lat' dir='ltr'>flecti</span> <span class='ocrx_word' id='word_1_50' title='bbox 345 620 390 643; x_wconf 88' lang='lat' dir='ltr'>ac</span> <span class='ocrx_word' id='word_1_51' title='bbox 421 606 586 657; x_wconf 84' lang='lat' dir='ltr'><strong>degredi</strong></span> <span class='ocrx_word' id='word_1_52' title='bbox 617 606 669 643; x_wconf 92' lang='lat' dir='ltr'>ad</span> <span class='ocrx_word' id='word_1_53' title='bbox 699 611 893 650; x_wconf 80' lang='lat' dir='ltr'><strong>austrum,</strong></span> <span class='ocrx_word' id='word_1_54' title='bbox 922 611 1108 643; x_wconf 83' lang='lat' dir='ltr'>aucturus</span> <span class='ocrx_word' id='word_1_55' title='bbox 1140 612 1276 644; x_wconf 89' lang='lat' dir='ltr'>noctes</span> <span class='ocrx_word' id='word_1_56' title='bbox 1307 606 1390 644; x_wconf 80' lang='lat' dir='ltr'>aliis</span> 
     </span>
    </p>

    <p class='ocr_par' dir='ltr' id='par_1_3' title="bbox 119 675 1391 1354">
     <span class='ocr_line' id='line_1_8' title="bbox 119 675 1391 726; baseline 0.003 -15"><span class='ocrx_word' id='word_1_57' title='bbox 119 682 181 712; x_wconf 76' lang='grc'>265</span> <span class='ocrx_word' id='word_1_58' title='bbox 207 690 275 713; x_wconf 78' lang='lat' dir='ltr'>sex</span> <span class='ocrx_word' id='word_1_59' title='bbox 303 676 504 713; x_wconf 77' lang='lat' dir='ltr'>mensibus</span> <span class='ocrx_word' id='word_1_60' title='bbox 530 675 816 726; x_wconf 85' lang='lat' dir='ltr'>ablaturusque</span> <span class='ocrx_word' id='word_1_61' title='bbox 842 675 920 712; x_wconf 89' lang='lat' dir='ltr'>diei</span> <span class='ocrx_word' id='word_1_62' title='bbox 946 689 1187 713; x_wconf 88' lang='lat' dir='ltr'>mensuram.</span> <span class='ocrx_word' id='word_1_63' title='bbox 1243 689 1293 714; x_wconf 84' lang='lat' dir='ltr'>ex</span> <span class='ocrx_word' id='word_1_64' title='bbox 1318 675 1391 715; x_wconf 92' lang='lat' dir='ltr'>hoc</span> 
     </span>
     <span class='ocr_line' id='line_1_9' title="bbox 208 744 1391 796; baseline 0.001 -14"><span class='ocrx_word' id='word_1_65' title='bbox 208 746 353 782; x_wconf 89' lang='lat' dir='ltr'>deinde</span> <span class='ocrx_word' id='word_1_66' title='bbox 386 746 563 795; x_wconf 81' lang='lat' dir='ltr'>rapiendi</span> <span class='ocrx_word' id='word_1_67' title='bbox 595 744 922 795; x_wconf 83' lang='lat' dir='ltr'>convehendique</span> <span class='ocrx_word' id='word_1_68' title='bbox 956 745 1107 782; x_wconf 88' lang='lat' dir='ltr'>fructus</span> <span class='ocrx_word' id='word_1_69' title='bbox 1140 745 1236 782; x_wconf 91' lang='lat' dir='ltr'>alios</span> <span class='ocrx_word' id='word_1_70' title='bbox 1269 751 1391 796; x_wconf 84' lang='lat' dir='ltr'>atque</span> 
     </span>
     <span class='ocr_line' id='line_1_10' title="bbox 208 814 1390 865; baseline 0.001 -13"><span class='ocrx_word' id='word_1_71' title='bbox 208 815 303 852; x_wconf 73' lang='lat' dir='ltr'>alios</span> <span class='ocrx_word' id='word_1_72' title='bbox 352 821 510 865; x_wconf 71' lang='lat' dir='ltr'>tempus</span> <span class='ocrx_word' id='word_1_73' title='bbox 558 820 600 852; x_wconf 89' lang='lat' dir='ltr'>et</span> <span class='ocrx_word' id='word_1_74' title='bbox 645 814 907 864; x_wconf 87' lang='lat' dir='ltr'>praeparandi</span> <span class='ocrx_word' id='word_1_75' title='bbox 952 827 994 852; x_wconf 91' lang='lat' dir='ltr'>se</span> <span class='ocrx_word' id='word_1_76' title='bbox 1038 820 1177 852; x_wconf 81' lang='lat' dir='ltr'>contra</span> <span class='ocrx_word' id='word_1_77' title='bbox 1231 828 1390 853; x_wconf 81' lang='lat' dir='ltr'>saevam</span> 
     </span>
     <span class='ocr_line' id='line_1_11' title="bbox 208 883 1391 935; baseline 0.001 -13"><span class='ocrx_word' id='word_1_78' title='bbox 208 884 416 935; x_wconf 82' lang='lat' dir='ltr'>feramque</span> <span class='ocrx_word' id='word_1_79' title='bbox 457 884 645 929; x_wconf 87' lang='lat' dir='ltr'>hiemem,</span> <span class='ocrx_word' id='word_1_80' title='bbox 684 885 936 935; x_wconf 80' lang='lat' dir='ltr'>decebatque</span> <span class='ocrx_word' id='word_1_81' title='bbox 974 883 1048 922; x_wconf 88' lang='lat' dir='ltr'>hoc</span> <span class='ocrx_word' id='word_1_82' title='bbox 1086 885 1297 922; x_wconf 87' lang='lat' dir='ltr'>discrimen</span> <span class='ocrx_word' id='word_1_83' title='bbox 1335 888 1391 923; x_wconf 90' lang='lat' dir='ltr'>in-</span> 
     </span>
     <span class='ocr_line' id='line_1_12' title="bbox 208 955 1391 1005; baseline 0.001 -13"><span class='ocrx_word' id='word_1_84' title='bbox 208 955 400 992; x_wconf 75' lang='lat' dir='ltr'>dubitatis</span> <span class='ocrx_word' id='word_1_85' title='bbox 425 958 528 991; x_wconf 79' lang='lat' dir='ltr'>notis</span> <span class='ocrx_word' id='word_1_86' title='bbox 551 958 728 1005; x_wconf 83' lang='lat' dir='ltr'>signasse</span> <span class='ocrx_word' id='word_1_87' title='bbox 752 961 961 998; x_wconf 79' lang='lat' dir='ltr'>naturam3</span> <span class='ocrx_word' id='word_1_88' title='bbox 999 968 1118 1005; x_wconf 87' lang='lat' dir='ltr'>quam</span> <span class='ocrx_word' id='word_1_89' title='bbox 1143 955 1193 991; x_wconf 93' lang='lat' dir='ltr'>ob</span> <span class='ocrx_word' id='word_1_90' title='bbox 1217 968 1300 992; x_wconf 87' lang='lat' dir='ltr'>rem</span> <span class='ocrx_word' id='word_1_91' title='bbox 1324 968 1391 993; x_wconf 86' lang='lat' dir='ltr'>eas</span> 
     </span>
     <span class='ocr_line' id='line_1_13' title="bbox 208 1024 1391 1075; baseline 0.001 -14"><span class='ocrx_word' id='word_1_92' title='bbox 208 1025 388 1062; x_wconf 83' lang='lat' dir='ltr'>manibus</span> <span class='ocrx_word' id='word_1_93' title='bbox 406 1027 497 1075; x_wconf 84' lang='lat' dir='ltr'>ipsis</span> <span class='ocrx_word' id='word_1_94' title='bbox 514 1024 773 1075; x_wconf 79' lang='lat' dir='ltr'>agricolarum</span> <span class='ocrx_word' id='word_1_95' title='bbox 791 1027 970 1074; x_wconf 82' lang='lat' dir='ltr'>ingessit,</span> <span class='ocrx_word' id='word_1_96' title='bbox 986 1027 1166 1075; x_wconf 80' lang='lat' dir='ltr'>vertique</span> <span class='ocrx_word' id='word_1_97' title='bbox 1183 1027 1294 1062; x_wconf 86' lang='lat' dir='ltr'>iussit</span> <span class='ocrx_word' id='word_1_98' title='bbox 1316 1025 1391 1062; x_wconf 86' lang='lat' dir='ltr'>ea⁴</span> 
     </span>
     <span class='ocr_line' id='line_1_14' title="bbox 210 1094 1389 1145; baseline 0.001 -15"><span class='ocrx_word' id='word_1_99' title='bbox 210 1097 292 1144; x_wconf 78' lang='lat' dir='ltr'>ipsa</span> <span class='ocrx_word' id='word_1_100' title='bbox 306 1095 370 1132; x_wconf 87' lang='lat' dir='ltr'>die</span> <span class='ocrx_word' id='word_1_101' title='bbox 384 1095 399 1117; x_wconf 85' lang='lat'>⁵</span> <span class='ocrx_word' id='word_1_102' title='bbox 412 1094 504 1131; x_wconf 69' lang='lat' dir='ltr'>folia</span> <span class='ocrx_word' id='word_1_103' title='bbox 519 1101 561 1131; x_wconf 89' lang='lat' dir='ltr'>et</span> <span class='ocrx_word' id='word_1_104' title='bbox 575 1108 660 1131; x_wconf 74' lang='lat' dir='ltr'>csse</span> <span class='ocrx_word' id='word_1_105' title='bbox 673 1094 845 1131; x_wconf 82' lang='lat' dir='ltr'>confecti</span> <span class='ocrx_word' id='word_1_106' title='bbox 858 1094 995 1132; x_wconf 89' lang='lat' dir='ltr'>sideris</span> <span class='ocrx_word' id='word_1_107' title='bbox 1009 1097 1180 1145; x_wconf 88' lang='lat' dir='ltr'>signum,</span> <span class='ocrx_word' id='word_1_108' title='bbox 1194 1108 1266 1132; x_wconf 89' lang='lat' dir='ltr'>nee</span> <span class='ocrx_word' id='word_1_109' title='bbox 1279 1095 1389 1132; x_wconf 86' lang='lat' dir='ltr'>silve-</span> 
     </span>
     <span class='ocr_line' id='line_1_15' title="bbox 209 1164 1390 1214; baseline 0.002 -14"><span class='ocrx_word' id='word_1_110' title='bbox 209 1168 348 1201; x_wconf 76' lang='lat' dir='ltr'>strium</span> <span class='ocrx_word' id='word_1_111' title='bbox 379 1165 563 1201; x_wconf 79' lang='lat' dir='ltr'>arborum</span> <span class='ocrx_word' id='word_1_112' title='bbox 594 1171 936 1214; x_wconf 79' lang='lat' dir='ltr'>remotarumque,</span> <span class='ocrx_word' id='word_1_113' title='bbox 962 1170 1007 1201; x_wconf 84' lang='lat' dir='ltr'>ut</span> <span class='ocrx_word' id='word_1_114' title='bbox 1036 1167 1074 1201; x_wconf 91' lang='lat' dir='ltr'>in</span> <span class='ocrx_word' id='word_1_115' title='bbox 1104 1164 1227 1201; x_wconf 82' lang='lat' dir='ltr'>saltus</span> <span class='ocrx_word' id='word_1_116' title='bbox 1256 1165 1390 1202; x_wconf 80' lang='lat' dir='ltr'>devios</span> 
     </span>
     <span class='ocr_line' id='line_1_16' title="bbox 209 1234 1388 1284; baseline 0.001 -14"><span class='ocrx_word' id='word_1_117' title='bbox 209 1241 446 1284; x_wconf 77' lang='lat' dir='ltr'>montesque</span> <span class='ocrx_word' id='word_1_118' title='bbox 482 1235 656 1271; x_wconf 86' lang='lat' dir='ltr'>eundum</span> <span class='ocrx_word' id='word_1_119' title='bbox 694 1241 799 1271; x_wconf 83' lang='lat' dir='ltr'>esset</span> <span class='ocrx_word' id='word_1_120' title='bbox 833 1234 1118 1284; x_wconf 82' lang='lat' dir='ltr'>quaerentibus</span> <span class='ocrx_word' id='word_1_121' title='bbox 1152 1237 1278 1284; x_wconf 85' lang='lat' dir='ltr'>signa,</span> <span class='ocrx_word' id='word_1_122' title='bbox 1313 1248 1388 1272; x_wconf 85' lang='lat' dir='ltr'>non</span> 
     </span>
     <span class='ocr_line' id='line_1_17' title="bbox 209 1303 1389 1354; baseline 0.001 -14"><span class='ocrx_word' id='word_1_123' title='bbox 209 1318 338 1341; x_wconf 81' lang='lat' dir='ltr'>rursus</span> <span class='ocrx_word' id='word_1_124' title='bbox 361 1304 600 1341; x_wconf 79' lang='lat' dir='ltr'>urbanarum</span> <span class='ocrx_word' id='word_1_125' title='bbox 622 1317 805 1354; x_wconf 86' lang='lat' dir='ltr'>quaeque</span> <span class='ocrx_word' id='word_1_126' title='bbox 825 1307 994 1353; x_wconf 84' lang='lat' dir='ltr'>topiario</span> <span class='ocrx_word' id='word_1_127' title='bbox 1014 1309 1173 1341; x_wconf 73' lang='lat' dir='ltr'>tantum</span> <span class='ocrx_word' id='word_1_128' title='bbox 1194 1303 1389 1348; x_wconf 82' lang='lat' dir='ltr'>coluntur,</span> 
     </span>
    </p>

    <p class='ocr_par' dir='ltr' id='par_1_4' title="bbox 119 1373 1389 1773">
     <span class='ocr_line' id='line_1_18' title="bbox 119 1373 1389 1424; baseline 0.002 -15"><span class='ocrx_word' id='word_1_129' title='bbox 119 1379 181 1410; x_wconf 81' lang='grc'>266</span> <span class='ocrx_word' id='word_1_130' title='bbox 207 1388 449 1424; x_wconf 84' lang='lat' dir='ltr'>quamquam</span> <span class='ocrx_word' id='word_1_131' title='bbox 474 1373 532 1411; x_wconf 85' lang='lat' dir='ltr'>his</span> <span class='ocrx_word' id='word_1_132' title='bbox 559 1381 600 1411; x_wconf 85' lang='lat' dir='ltr'>et</span> <span class='ocrx_word' id='word_1_133' title='bbox 624 1377 663 1410; x_wconf 92' lang='lat' dir='ltr'>in</span> <span class='ocrx_word' id='word_1_134' title='bbox 689 1373 778 1410; x_wconf 81' lang='lat' dir='ltr'>villa</span> <span class='ocrx_word' id='word_1_135' title='bbox 803 1374 994 1417; x_wconf 72' lang='lat' dir='ltr'>visendi53</span> <span class='ocrx_word' id='word_1_136' title='bbox 1019 1377 1139 1411; x_wconf 83' lang='lat' dir='ltr'>vertit</span> <span class='ocrx_word' id='word_1_137' title='bbox 1162 1373 1274 1411; x_wconf 84' lang='lat' dir='ltr'>oleae</span> <span class='ocrx_word' id='word_1_138' title='bbox 1295 1381 1389 1412; x_wconf 74' lang='lat' dir='ltr'>ante</span> 
     </span>
     <span class='ocr_line' id='line_1_19' title="bbox 208 1443 1388 1493; baseline 0 -13"><span class='ocrx_word' id='word_1_139' title='bbox 208 1444 330 1493; x_wconf 84' lang='lat' dir='ltr'>pedes</span> <span class='ocrx_word' id='word_1_140' title='bbox 365 1450 489 1480; x_wconf 75' lang='lat' dir='ltr'>satae.</span> <span class='ocrx_word' id='word_1_141' title='bbox 525 1447 644 1480; x_wconf 82' lang='lat' dir='ltr'>vertit</span> <span class='ocrx_word' id='word_1_142' title='bbox 679 1444 788 1480; x_wconf 83' lang='lat' dir='ltr'>tiliae</span> <span class='ocrx_word' id='word_1_143' title='bbox 822 1444 872 1480; x_wconf 87' lang='lat' dir='ltr'>ad</span> <span class='ocrx_word' id='word_1_144' title='bbox 907 1443 1013 1480; x_wconf 88' lang='lat' dir='ltr'>mille</span> <span class='ocrx_word' id='word_1_145' title='bbox 1049 1457 1140 1480; x_wconf 86' lang='lat' dir='ltr'>usus</span> <span class='ocrx_word' id='word_1_146' title='bbox 1174 1444 1388 1493; x_wconf 78' lang='lat' dir='ltr'>petendae,</span> 
     </span>
     <span class='ocr_line' id='line_1_20' title="bbox 210 1513 1389 1563; baseline 0 -13"><span class='ocrx_word' id='word_1_147' title='bbox 210 1517 328 1550; x_wconf 79' lang='lat' dir='ltr'>vertit</span> <span class='ocrx_word' id='word_1_148' title='bbox 367 1513 501 1563; x_wconf 88' lang='lat' dir='ltr'>populi</span> <span class='ocrx_word' id='word_1_149' title='bbox 540 1514 654 1550; x_wconf 88' lang='lat' dir='ltr'>albae</span> <span class='ocrx_word' id='word_1_150' title='bbox 694 1517 817 1550; x_wconf 77' lang='lat' dir='ltr'>eiiam</span> <span class='ocrx_word' id='word_1_151' title='bbox 857 1514 1002 1550; x_wconf 82' lang='lat' dir='ltr'>vitibus</span> <span class='ocrx_word' id='word_1_152' title='bbox 1040 1519 1203 1563; x_wconf 84' lang='lat' dir='ltr'>nuptae.</span> <span class='ocrx_word' id='word_1_153' title='bbox 1260 1513 1389 1551; x_wconf 84' lang='lat' dir='ltr'>adhuc</span> 
     </span>
     <span class='ocr_line' id='line_1_21' title="bbox 209 1582 1388 1633; baseline 0.002 -14"><span class='ocrx_word' id='word_1_154' title='bbox 209 1597 346 1632; x_wconf 81' lang='lat' dir='ltr'>parum</span> <span class='ocrx_word' id='word_1_155' title='bbox 375 1590 448 1620; x_wconf 78' lang='lat' dir='ltr'>est.</span> <span class='ocrx_word' id='word_1_156' title='bbox 505 1584 512 1596; x_wconf 89' lang='lat'>‘</span> <span class='ocrx_word' id='word_1_157' title='bbox 530 1583 723 1627; x_wconf 88' lang='lat' dir='ltr'>Ulmum,’</span> <span class='ocrx_word' id='word_1_158' title='bbox 747 1586 890 1633; x_wconf 84' lang='lat' dir='ltr'>inquit,</span> <span class='ocrx_word' id='word_1_159' title='bbox 909 1589 918 1605; x_wconf 92' lang='lat'>‘</span> <span class='ocrx_word' id='word_1_160' title='bbox 935 1586 1016 1620; x_wconf 85' lang='lat' dir='ltr'>vite</span> <span class='ocrx_word' id='word_1_161' title='bbox 1037 1583 1220 1620; x_wconf 83' lang='lat' dir='ltr'>dotatam</span> <span class='ocrx_word' id='word_1_162' title='bbox 1243 1582 1388 1628; x_wconf 87' lang='lat' dir='ltr'>habes;</span> 
     </span>
     <span class='ocr_line' id='line_1_22' title="bbox 209 1652 1387 1704; baseline 0.001 -15"><span class='ocrx_word' id='word_1_163' title='bbox 209 1659 250 1689; x_wconf 85' lang='lat' dir='ltr'>et</span> <span class='ocrx_word' id='word_1_164' title='bbox 292 1653 406 1690; x_wconf 86' lang='lat' dir='ltr'>huius</span> <span class='ocrx_word' id='word_1_165' title='bbox 449 1659 614 1690; x_wconf 84' lang='lat' dir='ltr'>vertam.</span> <span class='ocrx_word' id='word_1_166' title='bbox 670 1653 816 1703; x_wconf 85' lang='lat' dir='ltr'>pabulo</span> <span class='ocrx_word' id='word_1_167' title='bbox 857 1652 951 1690; x_wconf 88' lang='lat' dir='ltr'>folia</span> <span class='ocrx_word' id='word_1_168' title='bbox 993 1656 1075 1690; x_wconf 91' lang='lat' dir='ltr'>eius</span> <span class='ocrx_word' id='word_1_169' title='bbox 1117 1655 1276 1704; x_wconf 87' lang='lat' dir='ltr'>stringis</span> <span class='ocrx_word' id='word_1_170' title='bbox 1318 1660 1387 1691; x_wconf 85' lang='lat' dir='ltr'>aut</span> 
     </span>
     <span class='ocr_line' id='line_1_23' title="bbox 208 1722 1384 1773; baseline 0 -13"><span class='ocrx_word' id='word_1_171' title='bbox 208 1723 401 1772; x_wconf 71' lang='lat' dir='ltr'>deputas:</span> <span class='ocrx_word' id='word_1_172' title='bbox 447 1726 578 1773; x_wconf 86' lang='lat' dir='ltr'>aspice</span> <span class='ocrx_word' id='word_1_173' title='bbox 611 1729 652 1760; x_wconf 85' lang='lat' dir='ltr'>et</span> <span class='ocrx_word' id='word_1_174' title='bbox 683 1729 797 1760; x_wconf 76' lang='lat' dir='ltr'>tenes</span> <span class='ocrx_word' id='word_1_175' title='bbox 829 1723 950 1767; x_wconf 81' lang='lat' dir='ltr'>sidus,</span> <span class='ocrx_word' id='word_1_176' title='bbox 981 1723 1057 1759; x_wconf 84' lang='lat' dir='ltr'>alia</span> <span class='ocrx_word' id='word_1_177' title='bbox 1087 1729 1202 1773; x_wconf 77' lang='lat' dir='ltr'>parte</span> <span class='ocrx_word' id='word_1_178' title='bbox 1232 1722 1384 1761; x_wconf 86' lang='lat' dir='ltr'>caelum</span> 
     </span>
    </p>
   </div>
   <div class='ocr_carea' id='block_1_3' title="bbox 337 1841 1233 1959">
    <p class='ocr_par' dir='ltr' id='par_1_5' title="bbox 337 1841 1233 1959">
     <span class='ocr_line' id='line_1_24' title="bbox 347 1841 1233 1883; baseline 0.001 -10"><span class='ocrx_word' id='word_1_179' title='bbox 347 1843 354 1860; x_wconf 91' lang='lat'>¹</span> <span class='ocrx_word' id='word_1_180' title='bbox 386 1842 460 1873; x_wconf 58' lang='lat' dir='ltr'>Vll.</span> <span class='ocrx_word' id='word_1_181' title='bbox 481 1846 644 1878; x_wconf 78' lang='lat' dir='ltr'>creverat,</span> <span class='ocrx_word' id='word_1_182' title='bbox 662 1846 842 1873; x_wconf 85' lang='lat' dir='ltr'>creverunt</span> <span class='ocrx_word' id='word_1_183' title='bbox 858 1846 955 1873; x_wconf 79' lang='lat' dir='ltr'>sata:</span> <span class='ocrx_word' id='word_1_184' title='bbox 980 1841 1052 1873; x_wconf 74' lang='lat' dir='ltr'>secl.</span> <span class='ocrx_word' id='word_1_185' title='bbox 1070 1841 1233 1883; x_wconf 80' lang='lat' dir='ltr'>Mayhoff.</span> 
     </span>
     <span class='ocr_line' id='line_1_25' title="bbox 343 1884 1127 1926; baseline 0.001 -11"><span class='ocrx_word' id='word_1_186' title='bbox 343 1886 354 1903; x_wconf 83' lang='lat'><strong>²</strong></span> <span class='ocrx_word' id='word_1_187' title='bbox 378 1884 426 1915; x_wconf 82' lang='lat' dir='ltr'>cd.</span> <span class='ocrx_word' id='word_1_188' title='bbox 444 1885 523 1916; x_wconf 90' lang='lat' dir='ltr'>Par.</span> <span class='ocrx_word' id='word_1_189' title='bbox 541 1885 613 1916; x_wconf 78' lang='lat' dir='ltr'>Lat.</span> <span class='ocrx_word' id='word_1_190' title='bbox 631 1887 716 1916; x_wconf 71' lang='lat'><strong>(5795</strong></span> <span class='ocrx_word' id='word_1_191' title='bbox 728 1887 760 1916; x_wconf 68' lang='lat' dir='ltr'>Y:</span> <span class='ocrx_word' id='word_1_192' title='bbox 785 1895 849 1916; x_wconf 88' lang='lat' dir='ltr'>om.</span> <span class='ocrx_word' id='word_1_193' title='bbox 866 1885 947 1921; x_wconf 66' lang='lat' dir='ltr'>rell„</span> <span class='ocrx_word' id='word_1_194' title='bbox 965 1885 1127 1926; x_wconf 77' lang='lat' dir='ltr'>Mayhoff.</span> 
     </span>
     <span class='ocr_line' id='line_1_26' title="bbox 337 1927 878 1959; baseline -0.002 0"><span class='ocrx_word' id='word_1_195' title='bbox 337 1927 350 1947; x_wconf 86' lang='lat'><strong>³</strong></span> <span class='ocrx_word' id='word_1_196' title='bbox 374 1927 527 1959; x_wconf 72' lang='lat' dir='ltr'>Gelenius</span> <span class='ocrx_word' id='word_1_197' title='bbox 542 1940 548 1959; x_wconf 92' lang='lat'>:</span> <span class='ocrx_word' id='word_1_198' title='bbox 574 1928 716 1959; x_wconf 67' lang='lat' dir='ltr'>emissus</span> <span class='ocrx_word' id='word_1_199' title='bbox 731 1932 788 1958; x_wconf 81' lang='grc' dir='ltr'>αιιι</span> <span class='ocrx_word' id='word_1_200' title='bbox 803 1929 878 1959; x_wconf 76' lang='lat' dir='ltr'>sim.</span> 
     </span>
    </p>
   </div>
   <div class='ocr_carea' id='block_1_4' title="bbox 338 1970 955 2054">
    <p class='ocr_par' dir='ltr' id='par_1_6' title="bbox 338 1970 955 2054">
     <span class='ocr_line' id='line_1_27' title="bbox 340 1970 753 2007; baseline 0.002 -6"><span class='ocrx_word' id='word_1_201' title='bbox 340 1971 353 1989; x_wconf 77' lang='lat'><em>⁴</em></span> <span class='ocrx_word' id='word_1_202' title='bbox 375 1981 414 2001; x_wconf 80' lang='lat' dir='ltr'>ea</span> <span class='ocrx_word' id='word_1_203' title='bbox 429 1970 505 2002; x_wconf 77' lang='lat' dir='ltr'>add.</span> <span class='ocrx_word' id='word_1_204' title='bbox 523 1971 703 2002; x_wconf 62' lang='lat' dir='ltr'>Remi-laun.</span> <span class='ocrx_word' id='word_1_205' title='bbox 749 2001 753 2007; x_wconf 79' lang='grc'>,</span> 
     </span>
     <span class='ocr_line' id='line_1_28' title="bbox 338 2013 955 2054; baseline 0.002 -10"><span class='ocrx_word' id='word_1_206' title='bbox 338 2014 349 2031; x_wconf 74' lang='lat'>⁵</span> <span class='ocrx_word' id='word_1_207' title='bbox 376 2013 453 2044; x_wconf 80' lang='lat' dir='ltr'>inde</span> <span class='ocrx_word' id='word_1_208' title='bbox 470 2014 517 2045; x_wconf 81' lang='lat' dir='ltr'>vel</span> <span class='ocrx_word' id='word_1_209' title='bbox 533 2013 672 2053; x_wconf 52' lang='lat' dir='ltr'>diaeo&gt;</span> <span class='ocrx_word' id='word_1_210' title='bbox 688 2013 772 2045; x_wconf 74' lang='lat' dir='ltr'>coni.</span> <span class='ocrx_word' id='word_1_211' title='bbox 792 2013 955 2054; x_wconf 77' lang='lat' dir='ltr'>Mayhoff.</span> 
     </span>
    </p>
   </div>
   <div class='ocr_carea' id='block_1_5' title="bbox 205 2084 276 2129">
    <p class='ocr_par' dir='ltr' id='par_1_7' title="bbox 205 2084 276 2129">
     <span class='ocr_line' id='line_1_29' title="bbox 205 2084 276 2129; baseline 0 0"><span class='ocrx_word' id='word_1_212' title='bbox 205 2084 276 2129; x_wconf 77' lang='lat'>350</span> 
     </span>
    </p>
   </div>
  </div>
 </body>
</html>
