1486 2359
103 511 162 542 211

107 1769 168 1801 213

395 123 584 162 PLINY:
636 124 900 163 NATURAL
938 126 1173 162 HISTORY

194 230 372 277 protinus
393 241 415 265 a
435 228 633 266 vindemia
653 231 784 278 putari
802 234 843 266 et
862 228 984 266 lassas
1001 231 1221 266 etiamnum
1241 228 1373 267 fructu

194 298 302 335 edito
345 298 589 347 inprobatur.
655 304 824 348 putatae
864 312 994 335 rursus
1038 298 1252 349 alligentur
1298 299 1375 336 alio

192 366 291 409 loco,
316 381 489 418 namque
513 368 662 405 orbitas
687 367 828 405 vinculi
853 371 1032 405 sentiunt
1057 370 1270 406 vexatione
1296 382 1374 406 non

192 437 326 474 dubia.

242 507 440 544 Traduces
480 507 657 544 Gallicae
697 507 877 545 culturae
898 508 911 531 1
954 508 1035 544 bini
1079 510 1279 557 utrimque
1322 507 1376 545 e²

192 576 398 621 lateribus,
418 579 449 613 si
469 577 568 626 par³
589 577 847 627 quadrageno
867 577 990 614 distet
1012 580 1157 627 spatio,
1177 580 1376 627 quaterni,

195 649 226 683 si
249 649 400 690 viceno,
423 649 528 684 inter
550 660 591 683 se
615 647 718 684 obvii
741 649 958 684 miscentur
980 646 1275 697 alliganturque
1297 660 1375 684 una

193 716 405 760 conciliati,
435 716 694 767 virgultorum
723 719 919 754 comitatu
948 717 1078 753 obiter
1105 719 1269 767 rigorati
1299 729 1377 766 qua

195 786 397 830 deficiant,
443 792 513 823 aut
559 789 589 823 si
636 787 812 823 brevitas
853 800 931 823 non
970 788 1152 835 patiatur
1190 788 1378 837 ipsorum,

195 855 413 906 adalligato
451 856 745 905 protenduntur
779 859 818 892 in
853 856 1014 893 viduam
1048 856 1230 893 arborem
1263 869 1376 894 unco.

194 926 402 963 traducem
428 926 579 962 bimum
600 926 828 975 praecidere
849 925 1253 963 solebant—onerat⁴
1273 928 1377 963 enirn

197 1002 400 1033 vetustate
415 1008 424 1039 ;
454 995 593 1033 melius
611 996 760 1033 donare
775 1002 935 1045 tempus
953 1001 998 1032 ut
1014 995 1172 1032 rasilem
1184 995 1199 1019 ⁵
1214 995 1379 1039 faciant,

197 1068 229 1103 si
247 1065 263 1089 ⁶
303 1065 496 1115 largiatur
535 1065 778 1109 crassitud03
831 1065 928 1102 alias
972 1065 1068 1103 utile
1109 1071 1215 1103 toros
1256 1064 1379 1103 futuri

195 1135 374 1173 draconis
395 1139 515 1185 pasci.

247 1205 382 1243 Unum
411 1208 633 1243 etiamnum
660 1219 786 1256 genus
814 1211 876 1243 est
902 1205 1079 1243 medium
1108 1207 1212 1242 inter
1237 1204 1311 1243 hoc
1338 1211 1381 1242 et

195 1278 470 1326 propaginem,
514 1281 622 1312 totas
667 1275 953 1326 supplantandi
999 1277 1038 1311 in
1083 1281 1234 1312 terram
1279 1277 1380 1312 vites

195 1349 412 1396 cuneisque
438 1345 614 1382 findendi
641 1351 683 1382 et
708 1347 748 1382 in
773 1345 900 1383 sulcos
926 1344 1058 1395 plures
1084 1344 1198 1382 simul
1225 1357 1275 1382 ex
1300 1358 1379 1381 una

195 1415 457 1466 propagandi,
489 1415 716 1466 gracilitate
750 1415 994 1465 singularum
1028 1414 1185 1451 firmata
1217 1417 1380 1452 circum-

196 1485 329 1537 ligatis
347 1485 569 1529 hastilibus,
587 1498 661 1522 nec
679 1487 811 1522 recisis
830 1487 897 1535 qui
916 1498 939 1521 a
955 1483 1147 1521 lateribus
1168 1490 1381 1522 excurrant

195 1558 404 1605 pampinis.
460 1555 710 1592 Novariensis
729 1554 916 1605 agricola,
933 1554 1145 1592 traducum
1164 1554 1284 1592 turba
1301 1567 1380 1591 non

195 1631 407 1663 contentus
438 1638 511 1662 nec
542 1627 656 1675 copia
685 1637 900 1668 ramorum,
931 1626 1111 1674 inpositis
1155 1626 1380 1661 etiamnum

195 1695 383 1745 patibulis
410 1694 597 1745 palmites
623 1693 916 1738 circumvolvit;
957 1696 1094 1744 itaque
1122 1699 1285 1744 praeter
1310 1693 1380 1731 soli

196 1768 292 1803 vitia
325 1764 481 1802 cultura
515 1777 673 1815 quoque
706 1770 820 1801 torva
854 1763 955 1801 fiunt
989 1766 1093 1800 vina.
1155 1763 1233 1801 alia
1265 1763 1381 1814 culpa

283 1868 294 1886 ¹
321 1866 478 1908 ¹hsayhoff
490 1866 634 1906 (Gallica
650 1877 668 1898 e
685 1866 819 1898 cultura¹
836 1865 947 1907 Silliq)
964 1878 970 1897 :
997 1865 1140 1897 cultura.

282 1911 294 1972 ἰ
317 1910 608 1995 Εῐίηαῗῇοὲἷιζῗῦ.
782 1952 794 1970 ⁶
817 1954 1005 1984 oneratur?
1031 1951 1268 1992 Warminqton.

283 1997 295 2015 ⁵
323 1996 474 2028 Urlichs:
500 1995 685 2028 transilem.
778 1995 791 2014 ⁸
818 1995 924 2027 Edd.:
949 1995 994 2026 ni.

196 2058 262 2101 140
