1486 2359
99 551 159 582 134

101 1023 161 1055 135

386 148 576 185 I‘LINY:
625 148 887 185 NATURAL
926 147 1162 186 HISTORY

183 252 311 289 imbre
362 250 538 288 tollatur.
593 263 666 287 nec
718 249 833 287 ullius
886 264 1096 301 quaequae
1114 251 1127 274 ¹
1180 256 1366 288 seruntur

185 317 329 348 natura
349 310 400 347 ad
419 322 579 346 sensum
599 309 773 347 siderum
792 315 1007 360 terraeque
1023 309 1038 333 ²
1057 309 1271 346 mirabilior
1291 315 1365 347 est.

185 372 355 419 primum
403 371 579 405 omnium
624 368 770 405 cotidie
816 382 907 405 cum
954 368 1034 405 sole
1081 371 1364 417 circumagitur

185 427 382 478 horasque
423 427 602 478 agricolis
644 430 768 464 etiarn
810 427 944 464 nubilo
986 427 1249 464 demonstrat.
1304 433 1364 464 ter

185 492 395 537 praeterea
422 486 552 530 floret,
577 491 641 523 ter
666 489 888 537 germinat;
920 487 1061 536 atqui³
1089 492 1197 523 terra
1225 488 1366 535 operiri

186 560 263 583 non
294 545 390 589 vult,
421 551 462 582 et
486 559 609 582 unum
638 544 711 582 hoc
737 548 881 583 seritur
908 543 986 582 nori
1013 544 1158 582 arata.⁴
1213 547 1370 595 quaerit

186 607 359 642 maxime
373 604 598 641 sabulosam
612 610 653 641 et
667 606 813 641 siccam
826 610 949 654 atque
964 606 1088 641 etiam
1102 602 1370 647 harenosam,⁵

185 664 259 701 coli
276 666 415 714 utique
432 677 510 700 non
527 663 623 700 vult.
677 663 862 700 tellurem
879 663 980 700 adeo
997 668 1108 699 amat
1126 668 1169 699 ut
1187 664 1366 712 quamvis

186 723 404 760 frutectoso
439 722 521 759 solo
556 725 752 759 coiectum
788 724 893 759 inter
928 721 1020 759 solia
1058 734 1277 771 vepresque
1314 721 1364 758 ad

186 788 335 819 terram
372 787 511 818 tamen
549 781 681 818 radice
720 783 940 830 perveniat.
996 783 1256 830 pinguescere
1295 779 1368 816 hoc

186 847 276 878 satu
301 854 392 877 arva
416 843 631 890 vineasque
654 840 847 883 diximus3
884 842 1022 889 itaque
1046 839 1148 876 adeo
1172 852 1249 876 non
1274 844 1369 890 eget.

188 900 280 937 fimo
294 905 338 936 ut
352 902 491 950 optimi
505 901 631 936 vicem
645 904 937 949 repraesentet,
952 897 1128 948 nihilque
1143 897 1250 935 aliud
1264 897 1371 934 nullo

188 959 376 1008 inpendio
399 964 572 1002 constat,
596 964 640 994 ut
665 958 770 1008 quod
796 971 845 995 ne
870 957 1027 994 serendi
1053 957 1213 1008 quidem
1239 959 1371 1008 gratia

185 1031 282 1068 opus
313 1020 363 1055 sit
394 1016 574 1054 adferre:
619 1019 798 1067 protinus
829 1019 973 1054 seritur
1005 1029 1054 1053 ex
1085 1015 1211 1060 arv0‚⁶
1242 1029 1288 1053 ac
1319 1028 1369 1052 ne

187 1079 319 1127 spargi
335 1077 497 1127 quidem
512 1075 690 1126 postulat
704 1075 892 1113 decidens
908 1081 1063 1125 sponte.
1119 1077 1372 1125 primumque

188 1139 364 1173 omnium
420 1138 577 1180 seritur,
632 1137 886 1172 novissimum
942 1134 1107 1177 tollitur,
1154 1139 1369 1184 utrumque

189 1194 415 1245 Septembri
434 1194 518 1232 fere
536 1207 688 1239 mense,
705 1196 799 1245 quia
815 1196 849 1231 si
870 1207 949 1231 non
967 1195 1183 1230 antecessit
1201 1191 1373 1230 hiemem

190 1254 399 1304 frigoribus
421 1254 636 1290 obnoxium
658 1259 732 1290 est.
787 1255 936 1302 inpune
956 1258 1168 1302 praeterea
1187 1254 1293 1289 iacet
1313 1250 1373 1288 vel

189 1313 425 1350 derelictum
465 1315 604 1356 etiam,
640 1315 671 1349 si
709 1325 788 1349 non
825 1314 1004 1361 protinus
1041 1313 1167 1348 secuti
1204 1311 1373 1347 obruant

190 1373 350 1409 imbres.
394 1372 445 1408 ab
488 1372 671 1409 omnibus
716 1370 952 1408 animalibus
995 1369 1261 1407 amaritudine
1304 1382 1373 1406 sua

191 1437 349 1474 tutum;
394 1431 630 1481 plerumque
659 1436 798 1467 ‘tamen
828 1430 903 1467 levi
933 1429 1040 1467 sulco
1070 1432 1269 1480 integunt.
1325 1441 1372 1466 ex

191 1490 373 1528 densiore
410 1497 518 1527 terra
555 1490 753 1527 rubricam
790 1491 965 1526 maxime
1003 1494 1135 1531 amat;
1187 1488 1238 1525 ad
1274 1486 1375 1524 hanc

192 1549 377 1587 alendam
406 1555 497 1600 post
522 1551 688 1586 tertium
716 1548 852 1586 florem
881 1550 981 1585 verti
1008 1547 1146 1592 debet,
1173 1549 1212 1584 in
1238 1546 1375 1585 sabulo

333 1648 337 1664 ¹
367 1649 568 1688 quaequae?
587 1645 764 1687 Mayhoff:
790 1655 887 1687 quae.

331 1694 333 1697 '
366 1690 420 1721 Sic
432 1693 446 1722 ‘t
465 1689 623 1730 Mayhoff
634 1701 641 1719 z
666 1688 812 1721 adsensu
829 1692 1016 1729 terraeque.

330 1736 333 1748 ·'
370 1732 528 1773 Detlessen
544 1744 550 1763 :
576 1733 675 1764 floret
691 1736 817 1764 terram
834 1735 930 1763 amat
946 1735 1060 1772 atque.

332 1778 340 1792 '¹
370 1776 557 1807 Rackham:
583 1779 690 1806 arato.

333 1825 343 1836 ⁶
371 1819 559 1850 Rackham:
584 1818 743 1849 sabulosa
767 1842 775 1849 .
801 1842 809 1849 .
836 1841 843 1848 .
868 1818 956 1848 sicca
982 1841 988 1848 .
1015 1842 1022 1848 .
1049 1841 1056 1848 .
1083 1817 1258 1848 harenosa.

333 1866 344 1878 ⁵
369 1873 411 1893 ex
427 1872 506 1893 area
522 1861 715 1893 Pintianuo.

546 2020 560 2033 ·
586 2015 644 2048 l.e.
663 2014 760 2046 while
777 2014 875 2055 being
893 2013 1026 2056 rcapcd.

194 2088 262 2124 274
