<?xml version="1.0" encoding="UTF-8"?>
<!DOCTYPE html PUBLIC "-//W3C//DTD XHTML 1.0 Transitional//EN"
    "http://www.w3.org/TR/xhtml1/DTD/xhtml1-transitional.dtd">
<html xmlns="http://www.w3.org/1999/xhtml" xml:lang="en" lang="en">
 <head>
  <title>
</title>
<meta http-equiv="Content-Type" content="text/html;charset=utf-8" />
  <meta name='ocr-system' content='tesseract 3.04.00' />
  <meta name='ocr-capabilities' content='ocr_page ocr_carea ocr_par ocr_line ocrx_word'/>
</head>
<body>
  <div class='ocr_page' id='page_1' title='image "./naturalhistory05plinuoft_0452.png"; bbox 0 0 1486 2359; ppageno 0'>
   <div class='ocr_carea' id='block_1_1' title="bbox 178 380 218 411">
    <p class='ocr_par' dir='ltr' id='par_1_1' title="bbox 178 380 218 411">
     <span class='ocr_line' id='line_1_1' title="bbox 178 380 218 411; baseline 0.025 -1"><span class='ocrx_word' id='word_1_1' title='bbox 178 380 218 411; x_wconf 77' lang='lat'>28</span> 
     </span>
    </p>
   </div>
   <div class='ocr_carea' id='block_1_2' title="bbox 178 1090 219 1120">
    <p class='ocr_par' dir='ltr' id='par_1_2' title="bbox 178 1090 219 1120">
     <span class='ocr_line' id='line_1_2' title="bbox 178 1090 219 1120; baseline -0.024 0"><span class='ocrx_word' id='word_1_2' title='bbox 178 1090 219 1120; x_wconf 84' lang='lat'>30</span> 
     </span>
    </p>
   </div>
   <div class='ocr_carea' id='block_1_3' title="bbox 180 1604 215 1632">
    <p class='ocr_par' dir='ltr' id='par_1_3' title="bbox 180 1604 215 1632">
     <span class='ocr_line' id='line_1_3' title="bbox 180 1604 215 1632; baseline 0.029 -1"><span class='ocrx_word' id='word_1_3' title='bbox 180 1604 215 1632; x_wconf 72' lang='lat'>:31</span> 
     </span>
    </p>
   </div>
   <div class='ocr_carea' id='block_1_4' title="bbox 451 143 1219 182">
    <p class='ocr_par' dir='ltr' id='par_1_4' title="bbox 451 143 1219 182">
     <span class='ocr_line' id='line_1_4' title="bbox 451 143 1219 182; baseline 0.004 -3"><span class='ocrx_word' id='word_1_4' title='bbox 451 143 639 180; x_wconf 81' lang='lat' dir='ltr'>PLINY:</span> <span class='ocrx_word' id='word_1_5' title='bbox 683 143 946 181; x_wconf 72' lang='lat' dir='ltr'>NATURAL</span> <span class='ocrx_word' id='word_1_6' title='bbox 982 143 1219 182; x_wconf 87' lang='lat' dir='ltr'>HISTORY</span> 
     </span>
    </p>
   </div>
   <div class='ocr_carea' id='block_1_5' title="bbox 246 247 1429 1714">
    <p class='ocr_par' dir='ltr' id='par_1_5' title="bbox 246 247 1425 361">
     <span class='ocr_line' id='line_1_5' title="bbox 247 247 1425 287; baseline 0.004 -5"><span class='ocrx_word' id='word_1_7' title='bbox 247 247 430 283; x_wconf 74' lang='lat' dir='ltr'>facillime</span> <span class='ocrx_word' id='word_1_8' title='bbox 474 253 610 283; x_wconf 87' lang='lat' dir='ltr'>tamen</span> <span class='ocrx_word' id='word_1_9' title='bbox 653 247 704 283; x_wconf 90' lang='lat' dir='ltr'>ab</span> <span class='ocrx_word' id='word_1_10' title='bbox 746 247 874 284; x_wconf 85' lang='lat' dir='ltr'>idibus</span> <span class='ocrx_word' id='word_1_11' title='bbox 917 247 1033 284; x_wconf 78' lang='lat' dir='ltr'>Maiis</span> <span class='ocrx_word' id='word_1_12' title='bbox 1075 250 1114 284; x_wconf 90' lang='lat' dir='ltr'>in</span> <span class='ocrx_word' id='word_1_13' title='bbox 1159 249 1313 286; x_wconf 85' lang='lat' dir='ltr'>Iunias:</span> <span class='ocrx_word' id='word_1_14' title='bbox 1351 247 1425 287; x_wconf 91' lang='lat' dir='ltr'>hoc</span> 
     </span>
     <span class='ocr_line' id='line_1_6' title="bbox 246 313 677 361; baseline 0.002 -14"><span class='ocrx_word' id='word_1_15' title='bbox 246 313 487 348; x_wconf 71' lang='lat' dir='ltr'>maturitatis</span> <span class='ocrx_word' id='word_1_16' title='bbox 506 317 677 361; x_wconf 82' lang='lat' dir='ltr'>tempus.</span> 
     </span>
    </p>

    <p class='ocr_par' dir='ltr' id='par_1_6' title="bbox 246 375 1429 1584">
     <span class='ocr_line' id='line_1_7' title="bbox 296 375 1426 427; baseline 0.004 -17"><span class='ocrx_word' id='word_1_17' title='bbox 296 375 409 412; x_wconf 65' lang='lat' dir='ltr'>VIII.</span> <span class='ocrx_word' id='word_1_18' title='bbox 442 375 602 412; x_wconf 82' lang='lat' dir='ltr'>Volsum</span> <span class='ocrx_word' id='word_1_19' title='bbox 625 375 794 412; x_wconf 81' lang='lat' dir='ltr'>fascibus</span> <span class='ocrx_word' id='word_1_20' title='bbox 815 378 854 412; x_wconf 88' lang='lat' dir='ltr'>in</span> <span class='ocrx_word' id='word_1_21' title='bbox 875 389 1014 413; x_wconf 79' lang='lat' dir='ltr'>acervo</span> <span class='ocrx_word' id='word_1_22' title='bbox 1033 376 1240 427; x_wconf 79' lang='lat' dir='ltr'>alligatum</span> <span class='ocrx_word' id='word_1_23' title='bbox 1256 377 1269 401; x_wconf 87' lang='lat'>¹</span> <span class='ocrx_word' id='word_1_24' title='bbox 1290 377 1426 421; x_wconf 85' lang='lat' dir='ltr'>biduo,</span> 
     </span>
     <span class='ocr_line' id='line_1_8' title="bbox 246 440 1425 491; baseline 0.003 -15"><span class='ocrx_word' id='word_1_25' title='bbox 246 442 366 476; x_wconf 85' lang='lat' dir='ltr'>tertio</span> <span class='ocrx_word' id='word_1_26' title='bbox 379 440 596 477; x_wconf 79' lang='lat' dir='ltr'>resolutum</span> <span class='ocrx_word' id='word_1_27' title='bbox 613 443 813 491; x_wconf 78' lang='lat' dir='ltr'>spargitur</span> <span class='ocrx_word' id='word_1_28' title='bbox 829 443 867 476; x_wconf 89' lang='lat' dir='ltr'>in</span> <span class='ocrx_word' id='word_1_29' title='bbox 881 440 961 477; x_wconf 75' lang='lat' dir='ltr'>sole</span> <span class='ocrx_word' id='word_1_30' title='bbox 975 443 1224 491; x_wconf 81' lang='lat' dir='ltr'>siccaturque</span> <span class='ocrx_word' id='word_1_31' title='bbox 1238 447 1279 478; x_wconf 85' lang='lat' dir='ltr'>et</span> <span class='ocrx_word' id='word_1_32' title='bbox 1293 455 1425 479; x_wconf 74' lang='lat' dir='ltr'>rursus</span> 
     </span>
     <span class='ocr_line' id='line_1_9' title="bbox 247 503 1425 556; baseline 0.003 -16"><span class='ocrx_word' id='word_1_33' title='bbox 247 506 284 540; x_wconf 91' lang='lat' dir='ltr'>in</span> <span class='ocrx_word' id='word_1_34' title='bbox 306 503 476 540; x_wconf 68' lang='lat' dir='ltr'>fascibus</span> <span class='ocrx_word' id='word_1_35' title='bbox 496 504 599 541; x_wconf 84' lang='lat' dir='ltr'>redit</span> <span class='ocrx_word' id='word_1_36' title='bbox 621 505 693 541; x_wconf 76' lang='lat' dir='ltr'>sub</span> <span class='ocrx_word' id='word_1_37' title='bbox 714 510 835 542; x_wconf 86' lang='lat' dir='ltr'>tecta.</span> <span class='ocrx_word' id='word_1_38' title='bbox 891 511 1032 554; x_wconf 79' lang='lat' dir='ltr'>postea</span> <span class='ocrx_word' id='word_1_39' title='bbox 1061 511 1300 550; x_wconf 82' lang='lat' dir='ltr'>maceratur,</span> <span class='ocrx_word' id='word_1_40' title='bbox 1320 519 1425 556; x_wconf 89' lang='lat' dir='ltr'>aqua</span> 
     </span>
     <span class='ocr_line' id='line_1_10' title="bbox 248 569 1426 617; baseline 0.003 -13"><span class='ocrx_word' id='word_1_41' title='bbox 248 571 396 604; x_wconf 79' lang='lat' dir='ltr'>marina</span> <span class='ocrx_word' id='word_1_42' title='bbox 413 574 592 617; x_wconf 87' lang='lat' dir='ltr'>optume,</span> <span class='ocrx_word' id='word_1_43' title='bbox 608 569 677 605; x_wconf 87' lang='lat' dir='ltr'>sed</span> <span class='ocrx_word' id='word_1_44' title='bbox 694 575 735 606; x_wconf 89' lang='lat' dir='ltr'>et</span> <span class='ocrx_word' id='word_1_45' title='bbox 751 569 855 606; x_wconf 90' lang='lat' dir='ltr'>dulci</span> <span class='ocrx_word' id='word_1_46' title='bbox 871 572 901 605; x_wconf 84' lang='lat' dir='ltr'>si</span> <span class='ocrx_word' id='word_1_47' title='bbox 918 572 1071 606; x_wconf 87' lang='lat' dir='ltr'>marina</span> <span class='ocrx_word' id='word_1_48' title='bbox 1086 569 1204 614; x_wconf 83' lang='lat' dir='ltr'><strong>desit,</strong></span> <span class='ocrx_word' id='word_1_49' title='bbox 1219 572 1426 608; x_wconf 81' lang='lat' dir='ltr'>siccatum-</span> 
     </span>
     <span class='ocr_line' id='line_1_11' title="bbox 246 633 1427 684; baseline 0.003 -16"><span class='ocrx_word' id='word_1_50' title='bbox 246 646 323 682; x_wconf 83' lang='lat' dir='ltr'>que</span> <span class='ocrx_word' id='word_1_51' title='bbox 344 633 425 669; x_wconf 80' lang='lat' dir='ltr'>sole</span> <span class='ocrx_word' id='word_1_52' title='bbox 445 635 590 669; x_wconf 84' lang='lat' dir='ltr'>iterum</span> <span class='ocrx_word' id='word_1_53' title='bbox 611 636 774 683; x_wconf 80' lang='lat' dir='ltr'>rigatur.</span> <span class='ocrx_word' id='word_1_54' title='bbox 830 636 860 670; x_wconf 84' lang='lat' dir='ltr'>si</span> <span class='ocrx_word' id='word_1_55' title='bbox 885 639 1052 683; x_wconf 86' lang='lat' dir='ltr'>repente</span> <span class='ocrx_word' id='word_1_56' title='bbox 1077 640 1248 684; x_wconf 83' lang='lat' dir='ltr'>urgueat</span> <span class='ocrx_word' id='word_1_57' title='bbox 1272 634 1427 672; x_wconf 87' lang='lat' dir='ltr'>deside-</span> 
     </span>
     <span class='ocr_line' id='line_1_12' title="bbox 246 697 1426 746; baseline 0.003 -13"><span class='ocrx_word' id='word_1_58' title='bbox 246 699 360 739; x_wconf 86' lang='lat' dir='ltr'>rium,</span> <span class='ocrx_word' id='word_1_59' title='bbox 381 697 585 746; x_wconf 64' lang='lat' dir='ltr'>perfusum</span> <span class='ocrx_word' id='word_1_60' title='bbox 605 697 733 734; x_wconf 83' lang='lat' dir='ltr'>calida</span> <span class='ocrx_word' id='word_1_61' title='bbox 753 700 792 734; x_wconf 94' lang='lat' dir='ltr'>in</span> <span class='ocrx_word' id='word_1_62' title='bbox 813 697 908 734; x_wconf 82' lang='lat' dir='ltr'>solio</span> <span class='ocrx_word' id='word_1_63' title='bbox 929 711 974 735; x_wconf 88' lang='lat' dir='ltr'>ac</span> <span class='ocrx_word' id='word_1_64' title='bbox 995 700 1185 735; x_wconf 86' lang='lat' dir='ltr'>siccatum</span> <span class='ocrx_word' id='word_1_65' title='bbox 1206 703 1316 736; x_wconf 86' lang='lat' dir='ltr'>stans</span> <span class='ocrx_word' id='word_1_66' title='bbox 1336 712 1426 736; x_wconf 89' lang='lat' dir='ltr'>con-</span> 
     </span>
     <span class='ocr_line' id='line_1_13' title="bbox 246 761 1426 812; baseline 0.003 -15"><span class='ocrx_word' id='word_1_67' title='bbox 246 761 435 811; x_wconf 85' lang='lat' dir='ltr'>pendium</span> <span class='ocrx_word' id='word_1_68' title='bbox 461 775 606 811; x_wconf 87' lang='lat' dir='ltr'>operae</span> <span class='ocrx_word' id='word_1_69' title='bbox 631 761 814 812; x_wconf 83' lang='lat' dir='ltr'>patitur.²</span> <span class='ocrx_word' id='word_1_70' title='bbox 868 761 957 799; x_wconf 87' lang='lat' dir='ltr'>hinc</span> <span class='ocrx_word' id='word_1_71' title='bbox 973 761 988 785; x_wconf 84' lang='lat'>³</span> <span class='ocrx_word' id='word_1_72' title='bbox 1013 768 1149 799; x_wconf 85' lang='lat' dir='ltr'>autem</span> <span class='ocrx_word' id='word_1_73' title='bbox 1174 762 1357 800; x_wconf 84' lang='lat' dir='ltr'>tunditur</span> <span class='ocrx_word' id='word_1_74' title='bbox 1381 769 1426 801; x_wconf 82' lang='lat' dir='ltr'>ut</span> 
     </span>
     <span class='ocr_line' id='line_1_14' title="bbox 247 826 1421 876; baseline 0.003 -14"><span class='ocrx_word' id='word_1_75' title='bbox 247 826 314 862; x_wconf 81' lang='lat' dir='ltr'>fiat</span> <span class='ocrx_word' id='word_1_76' title='bbox 342 826 454 870; x_wconf 82' lang='lat' dir='ltr'>utile,</span> <span class='ocrx_word' id='word_1_77' title='bbox 479 829 691 876; x_wconf 82' lang='lat' dir='ltr'>praecipue</span> <span class='ocrx_word' id='word_1_78' title='bbox 721 829 760 863; x_wconf 90' lang='lat' dir='ltr'>in</span> <span class='ocrx_word' id='word_1_79' title='bbox 787 829 898 876; x_wconf 82' lang='lat' dir='ltr'>aquis</span> <span class='ocrx_word' id='word_1_80' title='bbox 925 829 1103 876; x_wconf 87' lang='lat' dir='ltr'>marique</span> <span class='ocrx_word' id='word_1_81' title='bbox 1129 829 1341 864; x_wconf 83' lang='lat' dir='ltr'>invictum:</span> <span class='ocrx_word' id='word_1_82' title='bbox 1382 829 1421 865; x_wconf 88' lang='lat' dir='ltr'>in</span> 
     </span>
     <span class='ocr_line' id='line_1_15' title="bbox 246 890 1427 941; baseline 0.003 -15"><span class='ocrx_word' id='word_1_83' title='bbox 246 893 346 927; x_wconf 83' lang='lat' dir='ltr'>sicco</span> <span class='ocrx_word' id='word_1_84' title='bbox 367 890 599 940; x_wconf 85' lang='lat' dir='ltr'>praeferunt</span> <span class='ocrx_word' id='word_1_85' title='bbox 621 904 642 928; x_wconf 89' lang='lat' dir='ltr'>e</span> <span class='ocrx_word' id='word_1_86' title='bbox 663 891 831 928; x_wconf 89' lang='lat' dir='ltr'>cannabi</span> <span class='ocrx_word' id='word_1_87' title='bbox 853 890 989 934; x_wconf 88' lang='lat' dir='ltr'>funes;</span> <span class='ocrx_word' id='word_1_88' title='bbox 1024 897 1086 928; x_wconf 83' lang='lat' dir='ltr'>set</span> <span class='ocrx_word' id='word_1_89' title='bbox 1107 897 1286 941; x_wconf 86' lang='lat' dir='ltr'>spartum</span> <span class='ocrx_word' id='word_1_90' title='bbox 1307 891 1427 929; x_wconf 83' lang='lat' dir='ltr'>alitur</span> 
     </span>
     <span class='ocr_line' id='line_1_16' title="bbox 246 955 1424 1005; baseline 0.002 -14"><span class='ocrx_word' id='word_1_91' title='bbox 246 957 368 991; x_wconf 87' lang='lat' dir='ltr'>etiam</span> <span class='ocrx_word' id='word_1_92' title='bbox 387 955 628 999; x_wconf 85' lang='lat' dir='ltr'>demersum,</span> <span class='ocrx_word' id='word_1_93' title='bbox 646 955 768 992; x_wconf 85' lang='lat' dir='ltr'>veluti</span> <span class='ocrx_word' id='word_1_94' title='bbox 789 955 981 992; x_wconf 84' lang='lat' dir='ltr'>natalium</span> <span class='ocrx_word' id='word_1_95' title='bbox 1000 958 1106 992; x_wconf 86' lang='lat' dir='ltr'>sitim</span> <span class='ocrx_word' id='word_1_96' title='bbox 1125 969 1307 1005; x_wconf 86' lang='lat' dir='ltr'>pensans.</span> <span class='ocrx_word' id='word_1_97' title='bbox 1363 963 1424 994; x_wconf 85' lang='lat' dir='ltr'>est</span> 
     </span>
     <span class='ocr_line' id='line_1_17' title="bbox 246 1019 1429 1070; baseline 0.002 -15"><span class='ocrx_word' id='word_1_98' title='bbox 246 1019 407 1068; x_wconf 84' lang='lat' dir='ltr'>quidem</span> <span class='ocrx_word' id='word_1_99' title='bbox 428 1022 511 1056; x_wconf 88' lang='lat' dir='ltr'>eius</span> <span class='ocrx_word' id='word_1_100' title='bbox 530 1025 673 1056; x_wconf 85' lang='lat' dir='ltr'>natura</span> <span class='ocrx_word' id='word_1_101' title='bbox 692 1020 910 1069; x_wconf 80' lang='lat' dir='ltr'>interpolis‚</span> <span class='ocrx_word' id='word_1_102' title='bbox 929 1033 1141 1070; x_wconf 75' lang='lat' dir='ltr'>rursusque</span> <span class='ocrx_word' id='word_1_103' title='bbox 1161 1033 1280 1070; x_wconf 89' lang='lat' dir='ltr'>quam</span> <span class='ocrx_word' id='word_1_104' title='bbox 1301 1020 1429 1058; x_wconf 82' lang='lat' dir='ltr'>libeat</span> 
     </span>
     <span class='ocr_line' id='line_1_18' title="bbox 247 1084 1427 1135; baseline 0.003 -16"><span class='ocrx_word' id='word_1_105' title='bbox 247 1090 450 1120; x_wconf 77' lang='lat' dir='ltr'>vetustum</span> <span class='ocrx_word' id='word_1_106' title='bbox 472 1098 572 1121; x_wconf 84' lang='lat' dir='ltr'>novo</span> <span class='ocrx_word' id='word_1_107' title='bbox 593 1087 792 1121; x_wconf 86' lang='lat' dir='ltr'>miscetur.</span> <span class='ocrx_word' id='word_1_108' title='bbox 848 1090 1124 1121; x_wconf 76' lang='lat' dir='ltr'>verumtamen</span> <span class='ocrx_word' id='word_1_109' title='bbox 1151 1084 1427 1135; x_wconf 81' lang='lat' dir='ltr'>conplectatur</span> 
     </span>
     <span class='ocr_line' id='line_1_19' title="bbox 247 1148 1422 1199; baseline 0.003 -16"><span class='ocrx_word' id='word_1_110' title='bbox 247 1150 377 1184; x_wconf 84' lang='lat' dir='ltr'>animo</span> <span class='ocrx_word' id='word_1_111' title='bbox 403 1151 469 1198; x_wconf 87' lang='lat' dir='ltr'>qui</span> <span class='ocrx_word' id='word_1_112' title='bbox 494 1148 600 1186; x_wconf 80' lang='lat' dir='ltr'>volet</span> <span class='ocrx_word' id='word_1_113' title='bbox 626 1148 858 1185; x_wconf 84' lang='lat' dir='ltr'>miraculum</span> <span class='ocrx_word' id='word_1_114' title='bbox 883 1154 1108 1185; x_wconf 81' lang='lat' dir='ltr'>aestumare</span> <span class='ocrx_word' id='word_1_115' title='bbox 1134 1154 1284 1199; x_wconf 86' lang='lat' dir='ltr'>quanto</span> <span class='ocrx_word' id='word_1_116' title='bbox 1309 1152 1359 1187; x_wconf 84' lang='lat' dir='ltr'>sit</span> <span class='ocrx_word' id='word_1_117' title='bbox 1384 1151 1422 1186; x_wconf 87' lang='lat' dir='ltr'>in</span> 
     </span>
     <span class='ocr_line' id='line_1_20' title="bbox 248 1213 1428 1257; baseline 0.002 -9"><span class='ocrx_word' id='word_1_118' title='bbox 248 1226 316 1248; x_wconf 71' lang='lat' dir='ltr'>usu</span> <span class='ocrx_word' id='word_1_119' title='bbox 357 1213 540 1249; x_wconf 77' lang='lat' dir='ltr'>omnibus</span> <span class='ocrx_word' id='word_1_120' title='bbox 578 1216 693 1250; x_wconf 81' lang='lat' dir='ltr'>terris</span> <span class='ocrx_word' id='word_1_121' title='bbox 731 1216 890 1250; x_wconf 82' lang='lat' dir='ltr'>navium</span> <span class='ocrx_word' id='word_1_122' title='bbox 929 1215 1200 1257; x_wconf 78' lang='lat' dir='ltr'>armamentis,</span> <span class='ocrx_word' id='word_1_123' title='bbox 1238 1213 1428 1251; x_wconf 81' lang='lat' dir='ltr'>machinis</span> 
     </span>
     <span class='ocr_line' id='line_1_21' title="bbox 248 1277 1428 1328; baseline 0.003 -16"><span class='ocrx_word' id='word_1_124' title='bbox 248 1277 577 1314; x_wconf 76' lang='lat' dir='ltr'>aedificationum-</span> <span class='ocrx_word' id='word_1_125' title='bbox 619 1277 783 1328; x_wconf 88' lang='lat' dir='ltr'>aliisque</span> <span class='ocrx_word' id='word_1_126' title='bbox 831 1277 1036 1314; x_wconf 79' lang='lat' dir='ltr'>desideriis</span> <span class='ocrx_word' id='word_1_127' title='bbox 1085 1280 1203 1314; x_wconf 78' lang='lat' dir='ltr'>vitae,</span> <span class='ocrx_word' id='word_1_128' title='bbox 1259 1278 1309 1314; x_wconf 89' lang='lat' dir='ltr'>ad</span> <span class='ocrx_word' id='word_1_129' title='bbox 1357 1277 1428 1315; x_wconf 86' lang='lat' dir='ltr'>hos</span> 
     </span>
     <span class='ocr_line' id='line_1_22' title="bbox 247 1343 1427 1392; baseline 0.004 -18"><span class='ocrx_word' id='word_1_130' title='bbox 247 1355 383 1377; x_wconf 74' lang='lat' dir='ltr'>omnes</span> <span class='ocrx_word' id='word_1_131' title='bbox 419 1355 510 1378; x_wconf 82' lang='lat' dir='ltr'>usus</span> <span class='ocrx_word' id='word_1_132' title='bbox 541 1355 643 1391; x_wconf 88' lang='lat' dir='ltr'>quae</span> <span class='ocrx_word' id='word_1_133' title='bbox 673 1343 867 1379; x_wconf 56' lang='lat' dir='ltr'>sufficiant</span> <span class='ocrx_word' id='word_1_134' title='bbox 897 1344 1025 1378; x_wconf 77' lang='lat' dir='ltr'>minus</span> <span class='ocrx_word' id='word_1_135' title='bbox 1059 1347 1133 1380; x_wconf 60' lang='lat' dir='ltr'>ffi</span> <span class='ocrx_word' id='word_1_136' title='bbox 1168 1355 1355 1392; x_wconf 76' lang='lat' dir='ltr'>passuum</span> <span class='ocrx_word' id='word_1_137' title='bbox 1389 1344 1427 1379; x_wconf 86' lang='lat' dir='ltr'>in</span> 
     </span>
     <span class='ocr_line' id='line_1_23' title="bbox 248 1405 1426 1457; baseline 0.003 -17"><span class='ocrx_word' id='word_1_138' title='bbox 248 1405 500 1443; x_wconf 72' lang='lat' dir='ltr'>latitudinem</span> <span class='ocrx_word' id='word_1_139' title='bbox 530 1420 551 1442; x_wconf 86' lang='lat' dir='ltr'>a</span> <span class='ocrx_word' id='word_1_140' title='bbox 581 1407 694 1443; x_wconf 87' lang='lat' dir='ltr'>litore</span> <span class='ocrx_word' id='word_1_141' title='bbox 724 1405 974 1457; x_wconf 81' lang='lat' dir='ltr'>Carthaginis</span> <span class='ocrx_word' id='word_1_142' title='bbox 1005 1406 1139 1443; x_wconf 84' lang='lat' dir='ltr'>Novae</span> <span class='ocrx_word' id='word_1_143' title='bbox 1169 1409 1378 1457; x_wconf 81' lang='lat' dir='ltr'>minusque</span> <span class='ocrx_word' id='word_1_144' title='bbox 1405 1410 1426 1443; x_wconf 73' lang='grc' dir='ltr'><strong><em>ὃ</em></strong></span> 
     </span>
     <span class='ocr_line' id='line_1_24' title="bbox 248 1470 1426 1522; baseline 0.002 -16"><span class='ocrx_word' id='word_1_145' title='bbox 248 1472 286 1506; x_wconf 92' lang='lat' dir='ltr'>in</span> <span class='ocrx_word' id='word_1_146' title='bbox 338 1470 628 1518; x_wconf 71' lang='lat' dir='ltr'>longitudinem</span> <span class='ocrx_word' id='word_1_147' title='bbox 679 1484 765 1508; x_wconf 83' lang='lat' dir='ltr'>esse</span> <span class='ocrx_word' id='word_1_148' title='bbox 817 1473 1077 1521; x_wconf 87' lang='lat' dir='ltr'>reperientur.</span> <span class='ocrx_word' id='word_1_149' title='bbox 1133 1471 1287 1522; x_wconf 88' lang='lat' dir='ltr'>longius</span> <span class='ocrx_word' id='word_1_150' title='bbox 1337 1470 1426 1508; x_wconf 72' lang='lat' dir='ltr'>velli</span> 
     </span>
     <span class='ocr_line' id='line_1_25' title="bbox 248 1535 692 1584; baseline 0.007 -15"><span class='ocrx_word' id='word_1_151' title='bbox 248 1535 447 1583; x_wconf 70' lang='lat' dir='ltr'>impendia</span> <span class='ocrx_word' id='word_1_152' title='bbox 468 1535 692 1584; x_wconf 81' lang='lat' dir='ltr'>prohibent.</span> 
     </span>
    </p>

    <p class='ocr_par' dir='ltr' id='par_1_7' title="bbox 248 1599 1424 1714">
     <span class='ocr_line' id='line_1_26' title="bbox 300 1599 1420 1637; baseline 0.001 -2"><span class='ocrx_word' id='word_1_153' title='bbox 300 1599 368 1635; x_wconf 78' lang='lat' dir='ltr'>IX.</span> <span class='ocrx_word' id='word_1_154' title='bbox 403 1600 523 1636; x_wconf 87' lang='lat' dir='ltr'>Iunco</span> <span class='ocrx_word' id='word_1_155' title='bbox 537 1601 709 1637; x_wconf 86' lang='lat' dir='ltr'>Graecos</span> <span class='ocrx_word' id='word_1_156' title='bbox 730 1600 780 1637; x_wconf 92' lang='lat' dir='ltr'>ad</span> <span class='ocrx_word' id='word_1_157' title='bbox 802 1599 915 1637; x_wconf 79' lang='lat' dir='ltr'>funes</span> <span class='ocrx_word' id='word_1_158' title='bbox 936 1613 1025 1637; x_wconf 83' lang='lat' dir='ltr'>usos</span> <span class='ocrx_word' id='word_1_159' title='bbox 1045 1602 1192 1637; x_wconf 88' lang='lat' dir='ltr'>nomini</span> <span class='ocrx_word' id='word_1_160' title='bbox 1213 1599 1420 1637; x_wconf 82' lang='lat' dir='ltr'>credamus</span> 
     </span>
     <span class='ocr_line' id='line_1_27' title="bbox 248 1663 1424 1714; baseline 0.002 -15"><span class='ocrx_word' id='word_1_161' title='bbox 248 1676 326 1711; x_wconf 84' lang='lat' dir='ltr'>quo</span> <span class='ocrx_word' id='word_1_162' title='bbox 356 1663 519 1700; x_wconf 86' lang='lat' dir='ltr'>herbam</span> <span class='ocrx_word' id='word_1_163' title='bbox 541 1677 629 1701; x_wconf 89' lang='lat' dir='ltr'>eam</span> <span class='ocrx_word' id='word_1_164' title='bbox 660 1664 878 1714; x_wconf 86' lang='lat' dir='ltr'>appellant,</span> <span class='ocrx_word' id='word_1_165' title='bbox 907 1671 1047 1714; x_wconf 85' lang='lat' dir='ltr'>postea</span> <span class='ocrx_word' id='word_1_166' title='bbox 1080 1664 1300 1713; x_wconf 87' lang='lat' dir='ltr'>palmarum</span> <span class='ocrx_word' id='word_1_167' title='bbox 1322 1663 1424 1702; x_wconf 80' lang='lat' dir='ltr'>foliis</span> 
     </span>
    </p>
   </div>
   <div class='ocr_carea' id='block_1_6' title="bbox 427 1767 1238 1894">
    <p class='ocr_par' dir='ltr' id='par_1_8' title="bbox 427 1767 1238 1894">
     <span class='ocr_line' id='line_1_28' title="bbox 432 1767 870 1807; baseline 0.005 -11"><span class='ocrx_word' id='word_1_168' title='bbox 432 1767 443 1786; x_wconf 84' lang='lat'>²</span> <span class='ocrx_word' id='word_1_169' title='bbox 469 1767 643 1807; x_wconf 76' lang='lat' dir='ltr'>Maylmff:</span> <span class='ocrx_word' id='word_1_170' title='bbox 668 1768 870 1798; x_wconf 78' lang='lat' dir='ltr'>animatum.</span> 
     </span>
     <span class='ocr_line' id='line_1_29' title="bbox 429 1809 1238 1852; baseline 0 -11"><span class='ocrx_word' id='word_1_171' title='bbox 429 1811 441 1829; x_wconf 82' lang='lat'>²</span> <span class='ocrx_word' id='word_1_172' title='bbox 466 1811 621 1852; x_wconf 76' lang='lat' dir='ltr'>patitur?</span> <span class='ocrx_word' id='word_1_173' title='bbox 640 1809 695 1849; x_wconf 87' lang='lat' dir='ltr'>(cf.</span> <span class='ocrx_word' id='word_1_174' title='bbox 715 1819 805 1842; x_wconf 77' lang='lat' dir='ltr'>xvm</span> <span class='ocrx_word' id='word_1_175' title='bbox 823 1812 878 1850; x_wconf 81' lang='lat'>91)</span> <span class='ocrx_word' id='word_1_176' title='bbox 899 1810 1073 1851; x_wconf 77' lang='lat' dir='ltr'>Maykoff:</span> <span class='ocrx_word' id='word_1_177' title='bbox 1099 1809 1238 1842; x_wconf 71' lang='lat' dir='ltr'>fatetur.</span> 
     </span>
     <span class='ocr_line' id='line_1_30' title="bbox 427 1853 860 1894; baseline 0 -10"><span class='ocrx_word' id='word_1_178' title='bbox 427 1853 440 1872; x_wconf 78' lang='lat'><strong>⁸</strong></span> <span class='ocrx_word' id='word_1_179' title='bbox 465 1853 567 1885; x_wconf 73' lang='lat' dir='ltr'>hinc?</span> <span class='ocrx_word' id='word_1_180' title='bbox 587 1854 761 1894; x_wconf 79' lang='lat' dir='ltr'>Maykoff:</span> <span class='ocrx_word' id='word_1_181' title='bbox 787 1854 860 1884; x_wconf 87' lang='lat' dir='ltr'>hoc.</span> 
     </span>
    </p>
   </div>
   <div class='ocr_carea' id='block_1_7' title="bbox 511 2011 1133 2054">
    <p class='ocr_par' dir='ltr' id='par_1_9' title="bbox 511 2011 1133 2054">
     <span class='ocr_line' id='line_1_31' title="bbox 511 2011 1133 2054; baseline 0 -9"><span class='ocrx_word' id='word_1_182' title='bbox 511 2017 525 2032; x_wconf 82' lang='lat'>⁶</span> <span class='ocrx_word' id='word_1_183' title='bbox 551 2015 686 2054; x_wconf 71' lang='grc' dir='ltr'>Σχοῖνος</span> <span class='ocrx_word' id='word_1_184' title='bbox 705 2014 752 2053; x_wconf 86' lang='lat' dir='ltr'>(l)</span> <span class='ocrx_word' id='word_1_185' title='bbox 771 2013 777 2025; x_wconf 94' lang='grc'><em>“</em></span> <span class='ocrx_word' id='word_1_186' title='bbox 795 2013 873 2044; x_wconf 87' lang='lat' dir='ltr'>rush</span> <span class='ocrx_word' id='word_1_187' title='bbox 888 2011 908 2050; x_wconf 86' lang='lat'>’‚</span> <span class='ocrx_word' id='word_1_188' title='bbox 927 2013 974 2051; x_wconf 75' lang='lat'>(2)</span> <span class='ocrx_word' id='word_1_189' title='bbox 992 2012 1000 2025; x_wconf 79' lang='lat'>⁸</span> <span class='ocrx_word' id='word_1_190' title='bbox 1017 2023 1096 2054; x_wconf 81' lang='lat' dir='ltr'>rope</span> <span class='ocrx_word' id='word_1_191' title='bbox 1113 2012 1133 2045; x_wconf 92' lang='lat'>&#39;.</span> 
     </span>
    </p>
   </div>
   <div class='ocr_carea' id='block_1_8' title="bbox 246 2076 315 2121">
    <p class='ocr_par' dir='ltr' id='par_1_10' title="bbox 246 2076 315 2121">
     <span class='ocr_line' id='line_1_32' title="bbox 246 2076 315 2121; baseline 0.043 -3"><span class='ocrx_word' id='word_1_192' title='bbox 246 2076 315 2121; x_wconf 75' lang='lat'>438</span> 
     </span>
    </p>
   </div>
  </div>
 </body>
</html>
