1486 2359
161 1002 202 1032 46

160 1807 200 1837 47

437 168 625 204 PLINY:
669 167 932 204 NATURAL
971 167 1205 204 fflS'rORY

231 272 348 309 fuisse
377 274 569 309 maiorem
596 270 775 314 cubitali,
801 270 922 308 tuber
949 273 1117 321 utique¹
1147 273 1187 308 in
1215 284 1264 308 ea
1292 285 1414 323 supra

229 359 376 389 terram
391 364 400 395 ;
429 350 502 388 hoc
518 353 639 388 inciso
655 350 850 401 profluere
866 350 1026 388 solitum
1042 364 1180 388 sucum
1195 364 1269 389 ceu
1284 351 1415 398 lactis,

229 438 446 482 supernato
477 431 590 469 caule
624 445 744 482 quem
776 431 1029 482 magydarim
1061 438 1275 476 vocarunt;
1321 432 1415 470 folia

230 515 336 550 aurei
358 512 495 549 coloris
518 525 588 562 pro
609 514 760 549 semine
782 511 917 556 fuisse,
938 511 1125 549 cadentia
1148 525 1171 548 a
1191 515 1301 550 canis
1323 519 1413 551 ortu

231 599 364 630 austro
382 592 528 636 flante3
561 605 610 630 ex
629 591 688 629 his
706 592 957 642 laserpicium
976 595 1085 630 nasci
1103 592 1264 630 solitum
1282 606 1415 631 annuo

230 676 358 724 spatio
375 679 415 710 et
434 673 567 710 radice
585 679 628 710 et
644 672 757 710 caule
774 672 1143 710 consummantibus
1160 686 1260 711 sese.
1315 672 1354 711 hi
1371 680 1414 712 et

228 753 456 791 circumfodi
474 753 634 790 solitum
651 753 876 803 prodidere,
894 766 967 790 nec
984 756 1145 804 purgari
1164 767 1325 803 pecora,
1343 755 1414 793 sed

229 848 348 886 aegra
360 837 490 871 sanari
503 840 573 871 aut
585 836 764 884 protinus
777 836 889 878 mori,
902 834 1009 884 quod
1020 836 1060 871 in
1071 837 1207 884 paucis
1219 835 1412 873 accidere.

230 915 385 952 Persico
404 913 545 964 silphio
563 917 670 964 prior
688 917 821 964 opinio
839 917 1036 965 congruit.

281 995 388 1032 XVI.
421 995 604 1032 Alterum
644 1008 771 1046 genus
812 997 895 1032 eius
938 1001 999 1032 est
1039 995 1146 1046 quod
1185 996 1413 1048 magydaris

231 1082 408 1121 vocatur,
432 1079 609 1113 tenerius
639 1082 682 1113 et
709 1078 838 1113 minus
868 1074 1083 1113 vehemens
1112 1079 1197 1114 sine
1225 1090 1414 1129 sucoque,

233 1157 340 1208 quod
385 1160 487 1194 circa
535 1156 689 1207 Syriam
738 1159 927 1201 nascitur,
968 1170 1046 1194 non
1091 1160 1327 1207 proveniens
1374 1161 1414 1197 in

234 1238 454 1288 Cyrenaica
484 1240 669 1288 regione;
708 1240 886 1288 gignitur
918 1244 961 1274 et
996 1241 1035 1274 in
1070 1237 1243 1276 Parnaso
1274 1246 1413 1277 monte

231 1321 432 1369 copiosum
474 1318 712 1369 quibusdam
752 1318 1002 1368 laserpicium
1045 1319 1300 1358 vocantibus:
1342 1333 1415 1372 per

230 1412 334 1449 quae
374 1402 506 1435 omnia
546 1398 799 1436 adulteratur
836 1402 892 1436 rei
935 1399 1218 1438 saluberrimae
1257 1400 1413 1439 utilissi-

229 1493 400 1530 maeque
422 1482 651 1517 auctoritas.
706 1480 891 1530 probatio
915 1483 1056 1518 sinceri
1076 1483 1204 1531 prima
1223 1483 1263 1519 in
1282 1482 1412 1520 colore

229 1560 383 1598 modice
410 1560 498 1597 rufo
527 1566 584 1604 et,
609 1573 698 1597 cum
727 1561 951 1612 frangatur,
977 1563 1083 1599 intus
1111 1561 1295 1607 candido,
1318 1576 1411 1601 mox

229 1640 452 1678 tralucente
478 1646 597 1692 gutta
619 1653 804 1692 quaeque
830 1641 953 1679 saliva
977 1641 1184 1680 celerrime
1204 1641 1410 1694 liquescat.

233 1734 324 1758 usus
344 1723 384 1758 in
404 1720 540 1758 multis
560 1721 901 1759 medicaminibus.

279 1801 411 1838 XVII.
443 1800 543 1838 Sunt
560 1803 782 1839 etiamnum
797 1801 877 1840 duo
891 1815 1042 1854 genera
1062 1817 1140 1842 non
1161 1806 1234 1842 nisi
1252 1804 1410 1843 sordido

230 1887 325 1919 nota
347 1881 475 1932 volgo,
488 1895 578 1918 cum
595 1887 766 1932 quaestu
786 1882 957 1920 multum
977 1883 1166 1934 polleant.
1220 1887 1260 1922 in
1275 1887 1409 1935 primis

424 1974 434 1993 ¹
460 1973 535 2005 Sic?
560 1973 734 2014 Maykoff:
759 1973 927 2015 tuberque
943 1978 1001 2005 aut
1018 1974 1225 2016 tubertique.

279 2109 300 2144 8
443 2035 460 2080 ζ
478 2034 560 2093 ἶΙΙΙ-κζ
578 2062 604 2093 is
621 2061 811 2094 asafoetida
829 2062 1044 2102 (ocorodosma
1055 2063 1205 2104 foetida).

230 2119 276 2152 44
