1486 2359
401 195 594 233 PLINY:
647 194 911 232 NATURAL
947 193 1183 232 HISTORY

136 303 174 334 51
203 299 349 334 aviaria
387 303 432 335 ut
472 310 522 335 ex
550 295 609 333 his
649 298 733 347 agri
788 302 1116 333 stercorarentur.
1180 295 1383 345 primum¹

204 350 422 388 Columella
452 350 502 387 e²
528 349 793 393 columbariis,
813 363 905 386 mox
932 348 1009 386 ex³
1028 348 1245 399 gallinariis
1273 349 1385 394 facit,

204 407 430 441 natantium
444 403 584 441 alitum
598 403 803 440 damnato.
857 405 982 440 ceteri
996 409 1178 440 auctores
1191 415 1385 440 consensu

204 457 397 494 humanas
416 457 540 507 dapes
560 457 611 494 ad
630 456 702 493 hoc
722 458 898 506 inprimis
918 456 1138 499 advocant;
1172 455 1238 492 alii
1257 469 1307 493 ex
1325 454 1385 494 his

204 510 435 561 praeferunt
451 517 568 560 potus
584 509 789 547 hominum
804 513 843 546 in
859 512 1114 547 coriariorum
1129 509 1291 547 officinis
1306 509 1386 559 pilo

205 564 447 606 madefacto,
463 563 527 600 alii
544 577 615 613 per
631 577 717 600 sese
735 576 838 613 aqua
854 565 1000 600 iterum
1017 562 1245 613 largiusque
1263 565 1384 600 etiam

204 631 324 667 quam
355 631 445 654 cum
476 617 626 653 bibitur
657 617 860 653 admixta:
907 619 1056 666 quippe
1087 616 1174 666 plus
1206 616 1259 653 ibi
1291 616 1385 653 mali

204 670 448 707 domandum
462 676 523 707 est
535 684 625 706 cum
638 669 689 706 ad
705 673 807 707 virus
819 669 917 706 illud
929 672 1008 706 vini
1023 668 1142 706 homo
1158 672 1384 707 accesserit.

204 723 303 761 haec
317 730 410 761 sunt
424 726 645 761 certamina
659 736 668 767 ;
696 726 945 773 invicemque
960 723 1012 760 ad
1025 722 1212 760 tellurem
1227 736 1386 774 quoque

138 782 179 812 52
206 777 390 814 alendam
441 776 639 814 utuntur⁴¹
696 775 888 813 homine.⁵
941 779 1122 826 proxime
1178 778 1386 826 spurcitias

205 844 321 868 suum
347 830 528 873 laudant,
556 829 775 867 Columella
802 829 906 867 solus
934 830 1114 867 damnat.
1168 829 1234 866 alii
1259 832 1388 868 cuius-

204 897 375 934 cumque
416 883 670 933 quadripedis
710 896 760 920 ex
799 885 940 934 cytiso,
980 883 1102 933 aliqui
1140 882 1387 921 columbaria

205 937 450 987 praeferunt.
504 939 728 987 proximum
749 936 895 974 deinde
915 949 1125 987 caprarum
1147 942 1222 982 est,
1241 936 1293 974 ab
1313 935 1386 975 hoc

205 993 351 1034 ovium,
371 991 465 1028 dein
484 991 620 1033 boum,
640 993 895 1027 novissimum
915 993 1197 1027 iumentorum.

139 1049 179 1080 53
258 1043 346 1081 Hae
389 1043 500 1081 fuere
544 1043 651 1093 apud
693 1046 839 1093 priscos
882 1043 1148 1088 differentiae,
1190 1042 1387 1095 simulque

206 1103 420 1147 praecepta
449 1111 525 1134 non
553 1099 710 1134 invenio
738 1100 915 1134 recentia
932 1097 948 1120 ⁶
975 1097 1130 1140 utendi,
1157 1097 1317 1147 quando
1344 1103 1387 1135 et

207 1150 266 1188 hic
285 1157 464 1187 vetustas
482 1150 635 1194 utilior3
667 1153 873 1201 visumque
890 1153 970 1187 iarn
988 1156 1050 1188 est
1067 1150 1175 1200 apud
1191 1150 1386 1201 quosdam

206 1204 501 1254 provincialium
541 1207 579 1240 in
617 1210 776 1241 tantum
816 1204 1049 1241 abundante
1087 1204 1235 1254 geniali
1272 1207 1386 1254 copia

207 1258 404 1307 pecudum
450 1257 602 1294 farinae
650 1260 732 1295 vice
778 1258 913 1294 cribris
960 1260 1185 1307 superinici,
1231 1257 1386 1295 faetore

206 1317 451 1361 aspectuque
496 1314 687 1360 temporis
736 1311 880 1348 viribus
926 1313 965 1347 in
1012 1311 1215 1361 quandam
1262 1313 1386 1348 etiam

205 1368 376 1414 gratiam
413 1371 582 1401 mutato.
637 1364 791 1414 (Nuper
827 1371 1030 1414 repertum
1066 1364 1174 1401 oleas
1209 1364 1386 1415 gaudere

139 1423 179 1452 54
206 1421 378 1454 maxime
405 1420 536 1455 cinere
564 1431 585 1454 e
612 1417 788 1455 calcariis
815 1417 1071 1468 fornacibus.)
1123 1417 1247 1455 Varro
1272 1431 1386 1469 prae-

259 1509 268 1527 ¹
293 1507 476 1539 Pintianns
491 1519 506 1539 e
524 1507 649 1539 Colum.
667 1521 673 1539 z
700 1510 902 1549 proximum.

255 1552 268 1570 ²
290 1562 308 1582 e
326 1557 379 1587 (ex
397 1551 592 1589 Pintianus)
608 1563 615 1582 ι
640 1551 692 1582 tul.
710 1563 772 1583 om.

254 1595 267 1613 ³
290 1605 331 1625 ex
348 1595 423 1626 add.
442 1595 618 1625 Harklmm.

255 1637 268 1656 ⁴
290 1637 451 1668 aluntur.-
478 1637 640 1678 Mayhoff.

259 1680 272 1698 ⁵
296 1680 449 1711 Urlichs:
480 1679 645 1711 homine&

256 1723 269 1742 ⁸
294 1723 459 1754 Rackham
490 1724 629 1763 (recenti
661 1723 849 1764 Mayhoff):
889 1723 1004 1755 rettuli
1036 1727 1117 1763 (non
1146 1724 1282 1756 invenio
1311 1725 1383 1756 sed.

215 1765 369 1806 Urlichs).

253 1871 267 1886 ⁶
290 1867 349 1899 I.e.
380 1867 439 1898 the
463 1867 681 1908 present-day
705 1868 828 1909 supply
853 1866 892 1898 of
914 1867 1053 1909 poultry
1076 1869 1104 1900 is
1127 1871 1187 1900 not
1209 1879 1230 1900 a
1251 1869 1325 1909 sign
1349 1868 1387 1900 os

208 1915 358 1941 extreme
375 1910 510 1951 luxury.

251 1952 263 1973 ⁶
285 1952 331 1984 Π.
353 1954 401 1984 14.
422 1955 448 1984 l.

247 2001 264 2058 ἀ
279 1995 519 2070 Ἡιειξιοὲωιηε
536 1995 663 2037 always
680 1994 789 2026 drank
806 1995 895 2026 their
911 1996 996 2027 wine
1014 1995 1127 2028 mixed
1145 1995 1227 2028 with
1245 2001 1360 2029 water.

251 2086 262 2100 ⁸
283 2063 364 2112 Tliis
381 2062 513 2112 r‘eniark
531 2091 636 2112 seems
654 2085 690 2112 to
709 2081 828 2121 belong
845 2085 881 2112 to
898 2080 957 2112 the
975 2081 1100 2112 middle
1117 2082 1182 2121 os§
1197 2083 1250 2114 49.

203 2127 250 2174 36
