1486 2359
110 388 168 419 271

112 807 175 838 272

409 138 573 175 1³1,le
588 151 597 175 z
640 137 903 175 NATURAL
941 137 974 172 H
985 135 1176 172 ISTORY

199 256 269 281 x111
293 243 372 280 kal.
390 242 514 293 Aug.l
531 243 722 292 Aegypto
744 240 877 291 aquila
891 239 1035 277 occidit
1051 241 1250 276 matutino
1266 241 1376 276 etesi-

199 326 391 363 arumque
408 311 606 362 prodromi
622 310 742 347 flatus
757 313 965 360 incipiunt,
981 309 1088 359 quod
1100 308 1247 346 Caesar
1261 321 1285 345 x
1303 307 1382 346 kal.

198 386 345 419 sentire
363 382 521 418 Italiam
539 383 794 418 existimavit.
850 378 983 430 aquila
1003 379 1165 416 Atticae
1185 380 1384 416 matutino

200 453 357 496 occidit,
376 464 422 488 111
441 451 518 488 kal.
538 453 647 501 regia
665 453 705 487 in
722 456 885 500 pectore
902 449 1025 486 leonis
1047 448 1164 486 stella
1185 450 1384 486 matutino

200 523 359 559 Caesari
405 523 586 571 emergit.
643 532 714 556 vm
759 519 812 556 id,
857 519 961 569 Aug.
1008 524 1187 555 arcturus
1231 517 1384 555 medius

201 592 357 635 occidit,
378 603 422 628 111
442 590 494 628 id.
513 590 669 628 fidicula
688 602 827 627 occasu
847 602 917 626 suo
936 594 1175 625 autumnum
1193 586 1385 632 inchoat,²

204 669 245 698 ut
273 665 302 698 is
329 661 551 705 adnotavit,
576 660 647 698 sed
673 673 765 697 vera
790 661 892 696 ratio
917 658 958 696 id
983 658 1067 695 fieri
1092 660 1243 695 invenit
1267 670 1306 694 vx
1332 658 1384 695 id.

203 732 378 768 casdem.

256 802 300 838 In
318 801 392 838 hoc
410 803 601 851 temporis
619 799 827 837 intervallo
844 811 907 836 res
924 811 1081 835 summa
1098 799 1237 835 vitium
1256 799 1388 849 agitur

203 872 424 908 decretorio
449 873 532 908 uvis
556 870 685 907 sidere
709 869 776 906 illo
800 869 906 919 quod
929 867 1151 906 caniculam
1175 867 1387 918 appellavi-

205 955 304 984 mus,
324 941 429 978 unde
447 939 734 978 carbunculare
753 939 940 976 dicuntur
958 944 1003 975 ut
1022 937 1197 988 quodam
1216 937 1387 975 uredinis

202 1011 373 1047 carbone
399 1016 579 1047 exustae.
636 1023 714 1046 non
738 1013 1008 1058 conparantur
1031 1007 1121 1044 huic
1145 1007 1250 1044 malo
1273 1019 1387 1058 gran-

204 1081 330 1124 dines,
351 1080 563 1130 procellae,
583 1092 768 1130 quaeque
792 1091 983 1129 umquam
1011 1090 1193 1115 annonae
1219 1076 1389 1115 intulere

204 1154 438 1193 caritatem;
479 1163 665 1200 agrorum
693 1152 841 1199 quippe
867 1148 973 1185 mala
1000 1153 1093 1185 sunt
1118 1147 1199 1191 illa,
1223 1147 1389 1184 carbun-

203 1221 313 1257 culus
344 1226 480 1257 autem
513 1222 718 1270 regionum
750 1219 834 1256 late
863 1220 1107 1269 patentium,
1137 1230 1215 1254 non
1245 1217 1388 1254 difficili

206 1290 395 1332 remedio,
435 1293 505 1326 nisi
545 1289 775 1326 calumniari
816 1294 1001 1325 naturam
1040 1301 1171 1325 rerum
1210 1285 1388 1324 homines

206 1374 325 1410 quam
362 1360 434 1397 sibi
471 1360 658 1410 prodesse
693 1359 873 1396 mallent.
928 1357 1063 1395 ferunt
1099 1357 1389 1401 Democritum,

206 1433 272 1480 qui
308 1433 456 1480 primus
492 1429 690 1466 intellexit
725 1428 982 1478 ostenditque
1015 1427 1114 1465 caeli
1148 1440 1238 1464 cum
1274 1429 1388 1464 terris

206 1503 457 1542 societatem,
481 1500 760 1549 spernentibus
782 1497 884 1536 hanc
907 1511 1042 1536 curam
1068 1500 1151 1534 eius
1174 1496 1388 1547 opulentis-

206 1573 313 1607 simis
335 1573 492 1613 civium,
514 1572 693 1619 praevisa
715 1569 789 1605 olei
815 1571 985 1606 caritate
1006 1567 1141 1604 futura
1163 1567 1240 1604 ex³
1263 1569 1388 1618 vergi-

209 1640 348 1676 liarum
372 1646 460 1676 ortu
484 1653 561 1689 qua
583 1639 755 1676 diximus
777 1641 931 1676 ratione
953 1637 1290 1687 ostendemusque
1309 1639 1387 1674 iam

208 1709 376 1759 planius,
410 1723 556 1760 magna
594 1715 680 1746 tum
716 1708 869 1745 vilitate
906 1713 1069 1758 propter
1105 1720 1216 1756 spem
1250 1705 1388 1750 olivae,

208 1783 399 1817 coemisse
427 1782 465 1816 in
489 1785 576 1816 toto
599 1785 730 1816 tractu
755 1791 871 1815 omne
895 1777 1042 1821 oleum,
1064 1777 1298 1814 mirantibus
1322 1779 1385 1826 qui

567 1904 573 1921 ¹
600 1903 686 1938 Aua.
706 1902 781 1934 add.
805 1902 1042 1942 Warmiuqmn.

565 1947 576 1964 ²
606 1945 667 1977 VJ.
686 1945 824 1977 indicat.

564 1988 576 2005 ³
603 1988 804 2019 Pintianus:
831 1998 871 2018 ex
890 1987 1016 2018 futuro.

208 2067 278 2113 360
