1486 2359
153 604 202 634 34⁴
210 609 216 629 i

153 870 212 902 341

153 1298 216 1329 342

451 173 639 210 PLINY:
683 174 945 212 NATURAL
982 174 1217 212 HISTORY

241 279 475 327 septentrio.
531 277 735 314 volturnus
753 280 784 314 si
801 291 825 314 a
841 291 982 314 serena
998 278 1097 315 caeli
1114 285 1229 328 parte
1246 282 1423 329 coeperit

242 331 351 373 flare,
396 344 474 367 non
517 330 676 367 durabit
721 333 760 367 in
804 337 978 374 noctem,
1022 338 1064 368 at
1107 332 1340 369 subsolanus
1384 335 1423 369 in

242 387 432 421 maiorem
471 390 628 434 partem
669 387 793 421 noctis
833 384 1078 421 extenditur.
1133 388 1309 435 quisquis
1349 389 1423 423 erit

242 444 399 480 ventus,
433 440 463 474 si
498 437 671 474 fervidus
706 440 916 482 sentietur,
950 438 1126 488 pluribus
1161 438 1301 476 diebus
1336 452 1423 489 per-

242 492 433 527 manebit.
489 491 716 541 aquilonem
758 494 1017 540 praenuntiat
1058 498 1166 528 terra
1208 495 1423 530 siccescens

243 551 424 594 repente.
445 550 624 581 austrum
645 557 852 581 umescens
872 558 959 581 rore
980 545 1166 582 occulto.¹

297 597 521 634 LXXVIII.
551 598 713 634 Etenim
732 598 937 647 praedicta
957 605 1167 635 ventorum
1186 601 1355 642 ratione,
1373 612 1424 635 ne

243 654 399 701 saepius
421 651 563 688 eadem
585 651 781 695 dicantur,
801 655 969 688 transire
990 655 1174 689 convenit
1196 652 1246 689 ad
1274 652 1423 703 reliqua

242 711 534 754 tempestatum
568 707 791 754 praesagia,
825 708 1012 755 quoniam
1047 711 1089 742 et
1123 705 1196 742 boc
1230 706 1423 755 placuisse

243 758 417 805 Vergilio
439 772 586 808 magno
609 771 728 808 opere
753 758 882 802 video,
904 759 1100 809 siquidem
1124 761 1162 795 in
1185 761 1270 809 ipsa
1293 772 1422 796 messe

243 825 362 861 saepe
380 825 612 849 concurrere
629 811 778 861 proelia
796 818 1005 848 ventorum
1022 813 1213 849 damnosa
1230 815 1424 862 imperitis

244 865 379 902 refert.
433 865 599 902 tradunt
617 865 790 902 eundem
809 865 1083 902 Democritum
1102 872 1283 903 metente
1300 866 1424 903 fratre

244 921 327 954 eius
357 919 530 955 Damaso
560 919 836 956 ardentissimo
869 925 982 956 aestu
1009 932 1140 956 orasse
1174 925 1217 956 ut
1248 919 1424 970 reliquae

243 975 370 1019 segeti
387 978 569 1021 parceret
583 978 824 1022 raperetque
837 972 1001 1009 desecta
1017 973 1090 1009 sub
1104 978 1274 1016 tectum,
1289 976 1424 1023 paucis

243 1039 334 1062 mox
352 1025 455 1062 horis
470 1039 589 1062 saevo
604 1026 730 1062 imbre
747 1028 1030 1062 vaticinatione
1047 1026 1281 1076 adprobata.
1330 1029 1424 1077 quin

243 1082 364 1116 immo
386 1086 425 1116 et
449 1078 711 1116 harundinem
734 1093 811 1115 non
833 1082 905 1116 nisi
926 1080 1173 1128 inpendente
1194 1079 1327 1129 pluvia
1348 1083 1422 1117 seri

243 1133 384 1169 iubent
413 1138 454 1169 et
482 1133 616 1181 fruges
645 1135 872 1170 insecuturo
900 1133 1038 1170 imbre.
1094 1133 1354 1183 quamobrem
1383 1139 1425 1171 et

243 1186 342 1223 haec
380 1187 555 1223 breviter
595 1189 844 1236 attingimus,
881 1189 1048 1223 scrutati
1088 1189 1262 1223 maxime
1303 1190 1425 1237 perti-

245 1240 415 1283 nentia‚²
439 1242 692 1290 primumque
717 1253 739 1275 a
764 1240 846 1277 sole
870 1243 1074 1289 capiemus
1098 1243 1321 1291 praesagia.

294 1293 419 1330 Purus
455 1296 583 1330 oriens
621 1299 744 1343 atque
786 1307 864 1329 non
901 1293 1057 1330 tcrvens
1094 1307 1279 1330 serenum
1315 1293 1420 1331 diem

243 1349 356 1383 nunti
360 1353 416 1390 ιτ,
456 1353 498 1383 at
539 1346 747 1383 hibernum
765 1347 780 1369 ³
820 1346 988 1396 pallidus
1029 1347 1235 1395 grandine.
1238 1347 1254 1370 ⁴¹
1309 1349 1340 1384 si
1381 1353 1421 1384 et

243 1401 385 1437 occidit
410 1400 535 1450 pridie
561 1413 722 1437 serenus
747 1399 806 1451 [et
830 1400 985 1451 oritur]‚
989 1400 1005 1424 5
1023 1406 1138 1437 tanto
1158 1403 1303 1438 certior
1326 1400 1423 1437 fides

243 1457 482 1491 serenitatis.
547 1467 741 1490 concaxus
807 1456 935 1490 oriens
1000 1453 1151 1503 pluvias
1215 1454 1423 1503 praedicit

244 1508 350 1545 idern
397 1513 536 1544 ventos
583 1521 673 1544 curn
721 1513 814 1544 ante
863 1509 1111 1544 exorientem
1159 1521 1250 1544 eum
1298 1507 1424 1544 nubes

243 1562 459 1598 rubescunt
473 1573 482 1604 ;
508 1561 614 1610 quod
626 1564 655 1597 si
670 1566 710 1597 et
724 1563 861 1611 nigrae
874 1561 1108 1598 rubentibus
1120 1563 1424 1603 intervenerint,

295 1642 305 1661 ¹
331 1652 403 1673 rore
420 1644 613 1672 nocturno?
633 1641 795 1682 Mayhoff.

295 1685 307 1703 ²
330 1685 395 1723 <ad
433 1695 529 1715 usum
569 1685 681 1722 vitae>
719 1685 951 1726 pertinentia?
988 1683 1057 1715 coll.
1096 1693 1160 1716 XIX
1201 1685 1232 1721 2,
1274 1693 1365 1716 xxn(
1407 1684 1425 1714 2

251 1728 602 1802 stsgzyiicffhibemam.

294 1815 306 1833 ⁴
330 1814 518 1856 grandine?
538 1813 695 1855 Mayhoff
706 1825 713 1844 :
738 1813 948 1855 grandinem.

295 1858 306 1874 ³·
332 1857 495 1898 lilaylzoff.

289 1970 303 1984 ⁰
326 1965 378 2007 Cs.
405 1965 522 2006 virgil,
549 1966 659 2006 Georq.
686 1964 714 1996 Ι.
747 1967 807 1997 441
826 1977 833 1996 :
874 1964 934 1996 Ille
965 1965 1023 1996 ubi
1055 1969 1251 1996 nascentem
1284 1963 1424 1995 maculis

244 2010 427 2040 variaverit
441 2013 556 2040 ortum
571 2008 749 2040 Coneavus
764 2009 798 2040 in
814 2008 939 2040 nubem
958 2008 1137 2049 medioque
1153 2007 1315 2049 refugerit,
1330 2008 1422 2044 orbe,

244 2052 399 2092 Suspecti
416 2052 479 2083 tibi
497 2053 566 2083 sint
582 2051 718 2083 imbres.

245 2125 314 2158 402
