1486 2359
139 555 179 585 >52

139 967 178 999 83

140 1321 180 1351 8⁴

408 150 597 188 PLINY:
650 149 913 189 NATURAL
950 149 1187 189 HISTORY

205 262 328 306 atque
375 255 661 305 pollentissima
708 255 770 292 far
811 256 935 306 (quod
986 256 1176 293 adoreum
1229 261 1384 294 veteres

206 315 489 365 appellavere),
500 315 626 364 siligo,
637 317 814 352 triticum
829 328 836 351 :
857 314 955 352 haec
968 315 1144 364 plurimis
1156 317 1270 352 terris
1280 329 1385 352 com-

206 376 354 411 munia.
395 376 528 410 arinca
559 373 779 410 Galliarum
808 376 965 424 propria
989 376 1147 423 copiosa
1173 380 1215 411 et
1242 373 1385 411 Italiae

211 438 271 469 est
286 444 295 475 ;
318 433 509 482 Aegypto
525 438 662 469 autem
678 445 723 469 ac
739 431 877 483 Syriae
894 432 1133 482 Ciliciaeque
1151 438 1192 470 et
1207 433 1328 469 Asiae
1339 445 1385 470 ac

206 490 401 528 Graeciae
422 490 642 540 peculiares
663 504 749 535 zea,
765 490 936 541 <olyra‚>
958 503 1077 541 oryza
1093 490 1237 541 <sive>¹
1258 489 1384 541 tiphe.

206 551 417 600 Aegyptus
448 549 711 599 similaginem
740 549 898 586 conficit
927 563 949 587 e
977 552 1110 587 tritico
1139 563 1209 586 suo
1238 562 1386 600 nequa-

205 622 325 658 quam
353 608 518 645 Italicae
544 622 694 658 parem.
749 611 815 659 qui
842 621 912 645 zea
939 614 1107 645 utuntur
1132 622 1210 645 non
1235 607 1385 646 habent

205 667 276 704 far.
332 674 393 704 est
437 673 478 704 et
522 666 620 704 haec
667 667 808 704 Italiae
852 670 891 704 in
935 666 1156 717 Campania
1199 669 1387 711 maxime,

205 739 422 776 semenque
437 725 662 776 appellatur
675 739 684 769 ;
711 725 784 763 hoc
797 725 922 763 habet
936 739 1081 763 nomen
1094 739 1156 763 res
1169 725 1387 776 praeclara,

207 792 250 822 ut
279 798 370 822 mox
401 785 645 829 docebimus,
664 791 829 835 propter
857 798 977 835 quam
1007 784 1205 822 Homerus
1223 785 1387 835 ζείδωρος

206 845 341 894 ἄρουρα
356 844 472 888 dixit,
485 857 562 880 non
583 850 628 880 ut
649 843 770 894 aliqui
790 843 1036 880 arbitrantur
1055 846 1244 894 quoniam
1263 845 1385 881 vitam

205 903 387 940 donaret.
442 902 617 953 amylum
647 916 806 953 quoque
835 916 883 939 ex
908 915 956 939 ea
981 903 1025 939 fit
1048 905 1176 952 priore
1198 905 1386 940 crassius:

206 961 304 999 haec
319 961 400 998 sola
417 961 640 999 differentia
657 968 730 998 est.
787 975 836 998 ex
852 964 958 998 omni
972 974 1120 1012 genere
1135 961 1385 999 durissimum

206 1020 267 1057 far
287 1027 328 1057 et
349 1027 487 1057 contra
509 1019 659 1057 hiemes
682 1021 959 1057 firmissimum.
1014 1023 1167 1070 patitur
1186 1019 1387 1071 frigidissi-

207 1093 290 1116 mos
303 1079 407 1116 locos
421 1085 460 1116 et
478 1082 606 1116 minus
620 1079 805 1116 subactos
818 1079 879 1115 vel
893 1085 1096 1117 aestuosos
1111 1081 1385 1130 sitientesque.

207 1141 354 1188 primus
371 1141 536 1188 antiquo
557 1141 587 1175 is
601 1138 615 1161 ²
640 1138 757 1175 Latio
777 1139 900 1182 cibus,
921 1151 1067 1188 magno
1088 1144 1325 1189 argumento
1347 1141 1385 1174 in

207 1197 366 1235 adoriae
381 1197 507 1237 donis,
520 1200 635 1234 sicuti
649 1197 832 1234 diximus.
888 1196 999 1247 pulte
1013 1202 1165 1241 autem,
1178 1210 1256 1234 non
1268 1210 1387 1247 pane,

208 1259 349 1293 vixisse
366 1256 484 1306 longo
498 1262 681 1305 tempore
699 1256 896 1293 Romanos
913 1255 1185 1300 manifestum,
1200 1258 1385 1306 quoniam

209 1321 249 1352 et
279 1315 547 1364 pulmentaria
578 1314 776 1365 bodie-que
805 1315 1005 1358 dicuntur,
1035 1320 1078 1351 et
1107 1314 1257 1351 Ennius
1287 1317 1387 1352 anti-

208 1376 417 1424 quissimus
448 1380 560 1410 vates
591 1374 804 1410 obsidionis
834 1373 983 1411 famem
1015 1376 1240 1423 exprimens
1269 1371 1385 1410 offam

209 1436 397 1482 eripuisse
417 1432 664 1482 plorantibus
687 1432 817 1469 liberis
837 1438 972 1482 patres
992 1438 1290 1469 commemorat.
1345 1438 1386 1469 et

210 1492 324 1528 bodie
347 1505 459 1528 sacra
482 1494 608 1541 prisca
633 1498 756 1541 atque
780 1491 973 1528 natalium
998 1491 1109 1540 pulte
1134 1490 1274 1528 fitilla³
1295 1504 1387 1528 con-

210 1552 413 1592 iiciuntur;
444 1550 681 1600 videturque
697 1556 781 1587 tam
799 1550 885 1599 puls
903 1553 1040 1599 ignota
1057 1549 1250 1587 Graeciae
1266 1549 1386 1587 fuisse

207 1623 326 1660 qnam
348 1609 488 1646 Italiae
506 1608 682 1659 polenta.

260 1701 271 1720 ¹
295 1700 447 1740 <olyra.>
461 1711 564 1741 oryza
577 1701 691 1739 <sive>
703 1700 776 1732 coll.
788 1700 822 1741 §§
834 1702 887 1736 62,
901 1701 954 1734 93.
968 1700 1130 1740 Theophr.
1152 1700 1385 1740 Warminqlon.

255 1744 271 1805 ζ
296 1743 641 1818 (IlFfriltliilauudlem
667 1744 818 1784 antiquis
836 1744 1000 1784 (antiquis
1018 1743 1106 1774 Latii
1126 1743 1303 1784 Mayhoff).

253 1891 266 1904 fl
305 1899 310 1905 ι
406 1900 412 1907 ι

254 1929 266 1947 ⁶
290 1887 574 1967 {gglllfirssxoxxom
603 1928 670 1959 and
699 1929 797 1969 ὅλυρα
824 1939 910 1960 were
939 1928 1021 1960 both
1050 1929 1208 1960 varic-ties
1239 1929 1278 1960 os
1302 1934 1384 1960 two-

212 1973 349 2013 grained
369 1983 407 2003 or
429 1972 594 2003 ‘emmer'
618 1971 742 2008 whent.
759 1971 858 2003 while
879 1972 956 2012 τίφη
975 1986 1002 1997 =
1023 1971 1091 2010 ζειὰ
1112 1971 1197 2012 ἁπλῆ
1218 1981 1287 2002 was
1306 1981 1383 2003 one-

212 2016 350 2056 grained
381 2025 419 2047 or
449 2015 630 2047 ‘einkorn'
662 2015 773 2046 wheat
806 2015 986 2054 (Triticum
1016 2016 1268 2053 nwnococcum).
1314 2014 1386 2047 The

207 2089 272 2122 242
