1486 2359
151 407 213 439 248

455 180 644 218 PLINY:
688 181 952 220 NATURAL
990 181 1225 219 HISTORY

244 284 538 334 appellantibus
577 284 769 321 Graecisl
807 284 914 334 quod
952 287 1074 321 nostri
1111 298 1134 320 a
1170 284 1429 322 similitudine

243 346 485 393 cognominis
504 343 646 380 Graeci
664 349 828 393 propter
844 356 934 380 sues
950 345 1167 392 inpositum
1187 344 1428 381 arbitrantes

240 405 424 451 inperitia
459 402 710 452 appellavere
744 402 912 439 suculas.
967 401 1128 440 Caesari
1166 408 1207 439 et
1241 414 1314 439 vm
1348 402 1427 440 kal.

243 467 405 498 notatur
442 461 538 498 dies.
604 473 659 497 vu
693 461 772 498 kal.
807 461 997 511 Aegypto
1028 460 1146 498 haedi
1180 463 1426 506 exoriuntur,

242 523 278 557 vi
321 520 511 557 Boeotiae
553 526 595 557 et
638 521 802 557 Atticae
844 522 952 556 canis
996 523 1148 570 vesperi
1190 520 1427 564 occultatur,

243 579 413 616 fiidicula
443 592 559 616 mane
588 581 723 616 oritur.
779 591 801 614 v
832 578 912 616 kal.
946 579 1133 629 Assyriae
1166 578 1288 617 Orion
1319 585 1428 617 totus

241 638 509 682 absconditur,
538 651 577 674 1v
605 644 742 675 autem
770 641 891 675 canis.
946 650 985 674 vt
1015 651 1106 675 non.
1139 637 1237 676 Mai.
1267 637 1427 676 Caesari

241 697 401 734 suculae
447 700 647 734 matutino
693 700 926 734 exoriuntur
971 702 1013 734 et
1059 709 1131 734 vm
1177 697 1230 734 id.
1275 697 1429 747 capella

240 757 434 806 pluvialis.
466 758 656 807 Aegypto
687 762 825 793 autem
857 756 1001 793 eodem
1033 756 1098 793 die
1129 759 1238 794 canis
1271 759 1424 807 vesperi

240 816 473 852 occultatur.
523 818 576 852 sic
593 815 678 853 sere
695 818 735 852 in
752 828 791 852 vt
809 815 861 852 id.
882 814 998 859 Mai„
1013 818 1080 865 qui
1097 821 1159 852 est
1177 815 1428 866 vergiliarum

241 881 416 918 exortus,
435 875 651 912 decurrunt
671 874 814 912 sidera.

293 934 339 970 In
354 933 428 971 hoc
445 936 635 983 temporis
648 933 857 970 intervallo
870 946 918 970 xv
931 933 1071 970 diebus
1085 936 1219 983 primis
1233 933 1428 984 agricolae

239 993 431 1043 rapienda
455 999 547 1030 sunt
573 993 714 1043 quibus
739 992 978 1043 peragendis
1003 999 1100 1030 ante
1124 995 1423 1043 aequinoctium

240 1066 318 1089 non
331 1051 544 1096 suffecerit,
559 1052 656 1089 dum
666 1051 681 1074 ²
699 1054 799 1089 sciat
813 1051 904 1089 inde
922 1058 1061 1089 natam
1076 1051 1426 1102 exprobrationem

240 1111 400 1148 foedam
420 1113 649 1160 putantium
669 1113 768 1148 vites
787 1124 859 1160 per
876 1113 1145 1148 imitationem
1164 1116 1306 1148 cantus
1324 1111 1428 1148 alitis

240 1173 506 1220 temporariae
538 1183 659 1220 quam
689 1169 872 1207 cuculum
905 1176 1071 1213 vocant;
1115 1169 1291 1207 dedecus
1322 1173 1426 1207 enim

240 1229 412 1267 habetur
457 1230 793 1280 obprobriumque
840 1232 1028 1267 meritum
1075 1228 1220 1266 falcem
1267 1229 1317 1266 ab
1363 1229 1429 1266 illa

241 1289 397 1326 volucre
419 1291 457 1325 in
478 1291 558 1326 vite
578 1287 839 1338 deprehendi,
860 1294 902 1326 et
922 1289 973 1326 ob
993 1288 1033 1326 id
1053 1288 1306 1338 petulantiae
1324 1288 1427 1326 sales

240 1351 379 1389 etiam,
413 1362 503 1385 cum
538 1351 666 1398 primo
701 1361 794 1385 vere
826 1347 1048 1391 ludantur‚³
1081 1350 1255 1397 auspicio
1289 1354 1426 1385 tamen

240 1407 502 1444 detestabiles
518 1407 714 1444 videntur.
767 1407 869 1444 adeo
888 1409 1052 1444 minima
1071 1420 1255 1458 quaeque
1274 1409 1314 1444 in
1333 1419 1428 1458 agro

242 1466 486 1503 naturalibus
506 1465 721 1503 trahuntur
740 1469 998 1517 argumentis.

292 1525 484 1563 Extremo
508 1532 646 1563 autem
669 1524 743 1562 hoc
765 1531 950 1576 tempore
972 1527 1101 1576 panici
1124 1525 1302 1575 miliique
1325 1527 1427 1562 satio

241 1591 301 1622 est
317 1598 324 1621 z
354 1587 503 1621 iustum
519 1583 617 1622 haec
634 1587 709 1622 seri
725 1591 930 1622 maturato
946 1583 1107 1622 hordeo.
1164 1590 1287 1635 atque
1303 1587 1426 1622 etiam

242 1647 281 1680 in
315 1643 456 1681 eodem
489 1657 582 1681 arvo
613 1647 770 1694 signum
803 1643 904 1681 illius
937 1646 1180 1681 maturitatis
1213 1649 1255 1680 et
1287 1642 1426 1681 horum

241 1705 404 1740 sationis
419 1716 631 1740 commune
645 1702 826 1740 lucentes
842 1716 1006 1753 vespere
1020 1716 1091 1753 per
1105 1716 1196 1740 arva
1210 1701 1428 1740 cicindelae

331 1805 343 1825 ¹
369 1805 544 1845 Mayhoff:
571 1804 707 1836 Graecis
724 1814 782 1836 eas
797 1804 913 1836 stellas
929 1808 987 1836 aut
1003 1804 1084 1836 alia.

330 1849 343 1867 ²
367 1851 468 1880 tum?
489 1847 651 1888 Mayhoff.

329 1892 342 1910 ⁸
367 1891 450 1922 Edd.
465 1905 472 1923 :
498 1891 684 1923 laudantur
700 1890 835 1930 (ludant
851 1890 899 1922 cd.
923 1891 995 1923 Vas.
1014 1890 1085 1922 Lae.
1102 1891 1199 1928 3861,
1214 1900 1259 1922 m.
1278 1891 1322 1928 2).

425 2058 438 2073 ⁸
463 2055 564 2086 From
581 2054 657 2091 ὕειν.
677 2054 683 2066 ‘
700 2058 736 2086 bo
754 2054 826 2086 rain
840 2054 859 2091 '‚
877 2058 939 2086 not
955 2053 1043 2085 from
1060 2053 1105 2091 ὗς,
1124 2054 1131 2066 ‘
1147 2054 1203 2096 pig
1215 2052 1236 2086 ’.
