1486 2359
404 167 489 203 PLI
498 167 594 204 NY:
639 167 902 204 NATURAL
938 166 1175 204 HIS'I'ORY

134 276 174 305 53
203 270 344 307 eadem
365 283 469 320 quae
489 271 636 320 ubique
656 271 878 321 indignatio
897 272 1143 308 occurreret!
1177 271 1384 309 ferendum

201 354 295 376 san(-
330 340 447 376 suerit
481 343 677 390 exquisita
711 343 817 377 nasci
850 354 982 390 poma,
1014 340 1091 377 alia
1123 354 1278 390 sapore,
1309 341 1385 377 alia

202 410 494 460 magnitudine,
536 410 612 446 alia
655 416 831 447 monstro
873 411 1114 460 pauperibus
1158 411 1384 454 interdicta,

202 482 412 516 inveterari
439 483 527 516 vina
551 483 754 530 saccisque
777 483 957 524 castrari,
981 494 1054 517 nec
1077 483 1262 530 cuiquam
1286 481 1386 518 adeo

203 549 360 599 longam
391 563 476 586 esse
508 552 629 586 vitam
661 556 704 586 ut
734 564 812 587 non
842 556 937 587 ante
966 563 1008 587 se
1037 552 1174 599 genita
1205 556 1335 600 potet,
1364 563 1385 586 e

201 619 378 669 frugibus
411 632 569 669 quoque
600 619 803 669 quondam
833 619 1001 656 alicam¹
1031 620 1103 656 sibi
1134 622 1385 670 excogitasse

202 688 464 732 luxui·ian1‚ac
479 689 653 726 medulla
666 695 826 726 tantum
841 703 978 726 earum
991 703 1189 739 superque
1203 692 1386 739 pistrina—

201 772 286 795 rum
300 759 484 807 operibus
501 765 542 795 et
558 758 771 795 caelaturis
784 762 930 802 vivere,
943 759 1019 796 alio
1039 772 1142 808 pane
1164 772 1386 808 procerum,

202 827 277 864 alio
306 828 422 877 volgi,
450 834 512 865 tot
541 829 754 879 generibus
785 842 908 879 usque
939 828 989 865 ad
1018 828 1195 865 infimam
1224 828 1383 878 plebem

134 903 174 933 54
201 897 471 934 descendente
493 898 701 934 annona2:
745 901 922 935 etiamne
951 901 989 934 in
1017 897 1148 935 herbis
1177 898 1386 935 discrimen

204 970 410 1003 inventum
441 973 516 1011 est,
553 981 729 1017 opesque
759 966 1026 1005 differentiam
1059 967 1191 1004 fecere
1230 970 1269 1004 in
1301 968 1388 1005 cibo

206 1039 328 1073 etiam
363 1050 439 1073 uno
471 1050 557 1073 asse
589 1037 746 1073 venali?
800 1039 839 1073 in
871 1036 929 1074 his
962 1050 1120 1088 quoque
1152 1036 1284 1088 aliqua
1315 1038 1387 1074 sibi

203 1109 309 1143 nasci
344 1107 470 1143 tribus
506 1113 671 1157 negant,
705 1107 818 1144 caule
854 1109 893 1143 in
927 1113 1087 1144 tantum
1122 1109 1309 1157 saginato
1344 1113 1389 1144 ut

203 1179 387 1226 pauperis
406 1190 543 1214 mensa
561 1191 639 1213 non
656 1180 803 1227 capiat.
859 1177 1057 1214 silvestres
1075 1176 1228 1214 fecerat
1245 1182 1389 1214 natura

203 1247 404 1289 corrudas,
427 1252 469 1283 ut
499 1249 645 1296 passim
668 1249 837 1297 quisque
859 1247 1110 1283 demeteret:
1142 1259 1234 1284 ecce
1260 1246 1389 1283 altiles

203 1323 438 1366 spectantur
453 1319 650 1367 asparagi,
664 1323 705 1354 et
719 1317 910 1353 Ravenna
923 1323 1057 1353 ternos
1071 1316 1177 1353 libris
1190 1316 1387 1366 rependit.

205 1385 281 1423 heu
303 1386 483 1436 prodigia
504 1388 672 1423 ventris!
727 1389 869 1423 mirum
892 1393 998 1424 esset,
1019 1400 1096 1423 non
1118 1386 1235 1423 licere
1255 1389 1387 1436 pecori

137 1464 178 1493 55
203 1457 358 1493 carduis
377 1459 494 1500 vesci,
513 1470 591 1493 non
612 1457 704 1493 lieet
722 1457 875 1506 plebei!
931 1469 1059 1507 aquae
1089 1469 1248 1506 quoque
1277 1469 1390 1506 sepa-

204 1532 356 1570 rantur,
373 1529 515 1576 etipsa
536 1533 703 1563 naturae
726 1527 926 1563 elementa
944 1529 980 1563 vi
1005 1529 1198 1576 pecuniae
1219 1526 1389 1563 discreta

205 1602 310 1633 sunt.
366 1595 405 1633 hi
429 1599 552 1640 nives,
576 1597 628 1633 illi
651 1596 821 1646 glaciem
846 1602 1004 1646 potant,
1025 1609 1255 1646 poenasque
1279 1609 1389 1633 mon-

206 1668 307 1702 tium
331 1669 369 1702 in
394 1666 641 1716 voluptatem
671 1666 789 1716 gulae
814 1672 988 1703 vertunt.
1043 1672 1225 1704 servatur
1254 1668 1358 1717 rigor
1374 1666 1390 1689 ³

260 1753 270 1771 ¹
297 1752 455 1793 *lla-tshoff
466 1752 536 1784 coll.
556 1761 656 1784 xvnl.
680 1753 750 1789 109,
773 1753 855 1783 112:
881 1753 1013 1784 alitum.

258 1796 270 1814 ²
293 1796 470 1827 Budaeus:
497 1795 623 1827 anima.

213 1839 270 1913 aa:
287 1839 465 1922 lilgii‘lrlziwss:
489 1838 583 1880 algor
595 1838 664 1870 edd.
678 1841 767 1870 vest:
793 1838 906 1878 liquor
924 1837 1065 1875 Urlichs,
1083 1837 1262 1880 Detlessen:
1286 1837 1390 1879 ligora

514 1995 529 2010 ⁸
552 1990 612 2021 Le.
631 1990 732 2031 fancy
749 1990 826 2021 rolls
844 1989 911 2021 and
928 1994 1057 2031 pnstry.

515 2032 527 2052 ⁶
550 2033 735 2065 Cardoons.
782 2035 843 2065 See
860 2043 916 2074 pp.
933 2034 1098 2065 5130519.

222 2106 292 2142 454
