1486 2359
129 269 188 301 164

127 526 187 558 165

125 1171 185 1203 166

123 1622 182 1655 167

426 160 616 198 PLINY:
659 159 922 198 NATURAL
959 160 1195 198 HISTORY

266 264 412 302 XLIX.
445 263 704 314 Peregrinum
725 270 768 302 et
785 277 947 301 careum
967 266 1100 315 gentis
1119 277 1216 302 suae
1239 267 1399 303 nomine

215 328 475 379 appellatum,
494 328 634 366 culinis
663 328 896 378 principale.
951 331 990 365 in
1011 342 1263 379 quacumque
1291 335 1401 367 terra

216 396 291 430 seri
308 393 391 430 vult
406 396 561 430 ratione
578 392 720 430 eadem
737 406 815 443 qua
830 392 1064 436 olusatrum,
1078 392 1399 431 laudatissimum

213 463 351 494 tamen
373 460 413 494 in
434 457 565 502 Caria,
586 460 810 507 proximum
833 456 1020 508 Phrygia.

266 521 310 558 L.
344 521 592 572 Ligusticum
608 521 788 559 silvestre
806 527 867 559 est
885 524 924 558 in
939 521 1126 572 Liguriae
1142 535 1239 559 suae
1256 525 1399 560 monti-

213 586 301 625 bus,
316 589 460 623 seritur
480 586 650 637 ubique3
679 588 836 624 suavius
855 588 1027 623 sativum
1047 586 1119 624 sed
1139 588 1223 623 sine
1241 587 1398 624 viribus.

213 664 407 701 panacem
428 651 548 701 aliqui
565 656 731 695 vocant3
759 650 954 688 Crateuas
975 650 1083 700 apud
1097 650 1270 688 Graecos
1290 653 1399 688 cuni-

212 715 292 752 lam
305 715 495 752 bubulam
510 728 557 752 eo
570 718 729 753 nomine
744 715 936 765 appellat,
949 717 1073 752 ceteri
1087 728 1180 753 vero
1191 728 1399 766 conyzam,

213 779 254 817 id
279 785 340 817 est
365 780 646 830 cunilaginem,
672 779 903 830 thymbram
928 793 1021 817 vero
1046 793 1150 830 quae
1175 782 1227 817 sit
1252 780 1396 818 cunila.

213 843 311 881 haec
327 851 424 893 aput
442 858 510 881 nos
527 843 651 882 habet
668 844 903 881 vocabulum
919 850 961 881 et
977 843 1084 881 aliud
1099 846 1275 882 saturela
1291 844 1399 882 dicta

213 911 252 945 in
277 909 592 946 condimentario
617 922 778 960 genere.
835 911 980 946 seritur
1004 921 1142 946 mense
1170 909 1399 953 Februario,

213 975 376 1024 origano
394 973 551 1010 aemula
566 987 573 1010 :
607 987 803 1024 nusquam
822 979 1038 1024 utrumque
1056 973 1231 1017 additur,
1249 975 1398 1024 quippe

213 1037 347 1075 similis
382 1037 570 1081 effectus;
617 1038 689 1075 sed
720 1037 877 1075 cunilae
910 1038 1159 1089 Aegyptium
1191 1040 1398 1089 origanum

212 1108 373 1140 tantum
393 1102 631 1152 praefertur.

264 1166 330 1204 LI.
365 1166 622 1217 Peregrinum
636 1167 712 1205 fuit
729 1173 771 1204 et
788 1166 992 1217 lepidium.
1032 1169 1177 1204 seritur
1191 1180 1215 1204 a
1227 1166 1399 1211 favonio,

212 1231 319 1275 dein,
344 1245 435 1268 cum
461 1231 678 1275 fruticavit,
705 1234 818 1269 iuxta
843 1237 993 1268 terram
1020 1231 1276 1281 praeciditur,
1300 1237 1397 1269 tunc

211 1302 401 1333 runcatur
429 1302 766 1347 stercoraturque.
822 1309 894 1346 per
912 1296 1118 1333 biennium
1146 1294 1219 1333 hoc
1241 1301 1398 1346 postea,

210 1360 351 1398 iisdem
391 1360 612 1405 fruticibus,
645 1366 827 1405 utuntur,
861 1363 891 1397 si
932 1374 1011 1397 non
1049 1362 1217 1398 saevitia
1256 1359 1396 1398 hiemis

211 1427 386 1475 ingruat,
436 1425 596 1475 quando
649 1427 1029 1475 inpatientissimum
1080 1431 1141 1462 est
1192 1425 1394 1476 frigorum.

211 1492 295 1527 exit
334 1495 375 1527 et
413 1492 453 1526 in
490 1489 707 1527 cubitalem
746 1489 1016 1534 altitudinem,
1045 1489 1145 1526 foliis
1183 1489 1296 1534 lauri,
1325 1489 1395 1528 sed

210 1553 484 1591 mollioribus.1
540 1568 631 1591 usus
652 1557 734 1591 eius
755 1568 833 1591 non
853 1557 936 1592 sine
954 1554 1071 1592 lacte.

263 1618 350 1655 LII.
384 1619 453 1655 Git
487 1621 675 1668 pistrinis,
709 1632 874 1656 anesum
908 1625 950 1656 et
983 1624 1146 1656 anetum
1182 1618 1320 1656 culinis
1353 1624 1396 1656 et

210 1683 373 1720 medicis
390 1689 620 1727 nascuntur,
636 1686 907 1733 sacopenium,
921 1696 998 1734 quo
1013 1683 1116 1721 laser
1132 1683 1396 1728 adulteratur,

212 1753 253 1785 et
272 1749 401 1798 ipsum
420 1750 461 1785 in
479 1747 602 1785 hortis
622 1748 798 1798 quidem,
817 1747 888 1785 sed
906 1747 1127 1785 medicinae
1146 1753 1318 1786 tantum.

450 1834 462 1853 ¹
485 1833 654 1865 Rackham
672 1833 844 1873 (mollibus
860 1833 946 1873 edd.)
962 1845 969 1864 ι
995 1833 1139 1865 mollius.

427 1963 441 1977 ⁰
464 1958 563 1991 Caria
580 1959 612 1990 in
632 1960 713 1991 Asia
729 1960 850 1991 Minor.

428 2001 440 2020 ⁶
466 2001 705 2043 Elecampanc,
723 2013 761 2034 or
778 2002 941 2035 fleabane.

427 2048 439 2063 ‘
463 2044 599 2076 Roman
617 2045 804 2084 coriander,
821 2056 860 2078 or
876 2045 1129 2078 sennel-flower.

205 2097 275 2144 526
