1486 2359
141 260 182 290 35

140 1094 181 1125 36

141 1651 181 1682 37

414 150 599 186 PLINY:
652 150 915 187 NATURAL
953 150 1188 188 HISTORY

264 254 429 291 Modum
447 256 530 304 agri
548 256 587 290 in
604 255 739 302 primis
756 253 994 290 servandum
1012 256 1165 305 antiqui
1182 260 1390 304 putavere,

209 327 356 374 quippe
390 327 444 360 ita
477 323 711 366 censebant,
743 325 868 360 satius
902 336 988 360 esse
1021 326 1149 361 minus
1182 337 1314 361 serere
1347 330 1389 361 et

209 393 347 430 melius
379 406 505 436 arare,
535 406 615 442 qua
645 394 684 429 in
714 395 917 430 sententia
949 399 991 430 et
1022 392 1239 443 Vergilium
1270 393 1389 431 fuisse

209 463 335 500 video.
391 475 608 512 verumque
633 462 917 500 confitentibus
942 461 1157 500 latifundia
1182 463 1391 512 perdidere

211 532 383 574 Italiam,
399 534 477 567 iam
496 544 588 568 vero
605 537 647 568 et
663 534 1006 581 provincias—sex
1023 531 1171 569 domini
1188 535 1391 570 semissem

210 601 369 638 Africae
387 601 660 651 possidebant,
675 615 765 637 curn
783 601 986 638 interfecit
1004 615 1070 638 eos
1089 601 1194 639 Nero
1209 605 1392 652 princeps

209 685 336 707 —non
367 670 589 707 fraudando
618 671 895 721 magnitudine
930 670 1004 708 hac
1032 685 1190 722 quoque
1220 685 1291 709 sua
1319 671 1390 709 Cn.

210 740 398 790 Pompeio
419 743 484 790 qui
507 754 724 790 numquam
750 754 889 791 agrum
918 747 1118 778 mercatus
1147 747 1209 778 est
1235 747 1391 778 conter-

209 814 372 847 minum.
427 824 522 860 agro
537 816 673 860 empto
687 810 850 847 domurn
865 810 1116 847 vendendam
1131 811 1393 848 inclementer

209 887 330 930 atque
347 894 424 916 non
441 893 491 916 ex
506 879 683 916 utilitate
699 880 845 929 publici
860 885 991 917 status
1011 879 1134 930 Mago
1149 883 1304 918 censuit
1319 879 1392 918 hoc

209 950 370 986 exordio
416 955 634 999 praecepta
679 950 857 999 pandere
904 952 1117 999 ingressus,
1163 956 1208 987 ut
1254 956 1392 987 tamen

208 1025 401 1069 appareat
420 1019 705 1056 adsiduitatem
724 1019 993 1056 desideratam
1013 1019 1063 1056 ab
1082 1033 1142 1056 e0.

260 1088 416 1126 Dehinc
456 1091 599 1138 peritia
639 1088 841 1126 vilicorum
881 1091 921 1125 in
959 1102 1053 1126 cura
1092 1088 1278 1126 habenda
1318 1095 1393 1133 est,

209 1158 416 1208 multaque
455 1158 506 1195 de
545 1157 603 1194 his
643 1157 746 1195 Cato
784 1160 1002 1208 praecepit.
1059 1158 1170 1195 nobis
1208 1161 1304 1195 satis
1342 1161 1393 1195 sit

208 1228 354 1265 dixisse
374 1241 494 1278 quam
514 1230 739 1277 proximum
759 1228 920 1265 domino
938 1228 1057 1265 corde
1077 1241 1163 1265 esse
1183 1228 1331 1266 debere
1351 1234 1393 1265 et

208 1304 346 1335 tamen
363 1298 523 1335 sibimet
540 1300 612 1347 ipsi
632 1311 709 1335 non
727 1297 862 1334 videri.
917 1297 991 1335 coli
1007 1311 1097 1334 rura
1115 1298 1166 1335 ab
1183 1297 1392 1348 ergastulis

209 1381 439 1417 pessumum
467 1373 542 1411 est,
569 1373 614 1404 ut
642 1367 836 1418 quidquid
863 1370 996 1417 agitur
1022 1380 1045 1404 a
1071 1367 1391 1417 desperantibus.

208 1440 467 1474 temerarium
490 1437 675 1474 videatur
698 1451 818 1474 unam
841 1450 977 1474 vocem
1001 1439 1256 1487 antiquorum
1277 1450 1394 1487 posu-

210 1509 299 1550 isse,
325 1513 367 1543 et
392 1507 570 1543 fortassis
597 1506 827 1543 incredibile
854 1509 892 1543 ni
910 1507 923 1529 ¹
949 1509 1109 1556 penitus
1135 1509 1392 1544 aestimetur:

210 1576 217 1588 “
238 1576 332 1613 nihil
361 1579 490 1613 minus
519 1577 709 1626 expedire
739 1590 859 1627 quam
888 1590 1028 1627 agrum
1057 1579 1208 1625 optime
1235 1576 1392 1614 colere.’

211 1646 255 1682 L.
278 1647 416 1683 Tarius
441 1646 566 1683 Rufus
589 1647 724 1683 infima
747 1646 943 1683 natalium
966 1645 1193 1683 humilitate
1214 1646 1392 1684 consula-

209 1721 295 1753 tum
322 1716 482 1753 militari
508 1715 702 1753 industria
728 1718 908 1759 meritus,
934 1718 1125 1766 antiquae
1150 1715 1246 1753 alias
1271 1718 1392 1766 parsi-

690 1801 701 1820 ¹
726 1801 759 1832 ni
776 1811 838 1832 om.
856 1800 908 1832 v.l.

251 1936 265 1991 ἶ
289 1930 439 1985 θεονφίςε
456 1929 502 1960 ΙΙ.
521 1931 594 1965 412.
614 1929 771 1961 Laudato
789 1929 938 1969 ingentia
954 1939 1042 1966 rura,
1062 1929 1232 1970 Exiguum
1250 1928 1362 1961 colito.

253 2022 263 2034 e
288 1973 430 2048 {ii-13·

210 2089 276 2114 212
