1486 2359
86 619 140 650 161

86 1156 145 1186 162

380 176 566 213 PLINY:
611 175 873 213 NATURAL
919 174 1152 212 HISTORY

170 282 351 328 ignotum
390 284 465 322 est,
502 281 541 315 in
579 284 770 328 quattuor
807 277 961 327 angulis
997 280 1146 327 segetis
1183 276 1354 319 defossa,

170 349 313 382 mirum
348 345 471 388 dictu,
505 350 550 382 ut
583 348 744 382 omnino
778 344 885 381 nulla
919 347 999 380 avis
1033 347 1168 381 intret.
1224 357 1354 381 mures

171 413 387 463 abiguntur
409 414 541 449 cinere
566 412 764 449 mustelae
789 411 850 448 vel
876 411 962 448 felis
987 411 1114 448 diluto
1138 416 1180 448 et
1203 413 1354 448 semine

171 493 306 529 sparso
326 479 386 515 vel
406 479 661 516 decoctarum
684 492 803 529 aqua,
821 478 892 515 sed
912 478 1064 515 redolet
1086 481 1188 515 virus
1208 480 1355 515 anima-

172 547 265 583 lium
286 559 421 583 eorum
442 549 565 583 etiam
586 549 623 582 in
643 559 769 595 pane:
802 545 853 582 ob
871 545 909 582 id
928 545 1021 582 felle
1040 545 1188 582 bubulo
1204 547 1355 582 semina

171 616 314 663 attingi
368 613 501 650 utilius
552 619 711 663 putant.
767 613 907 663 rubigo
957 612 1133 662 quidem,
1183 615 1355 649 maxima

171 687 354 731 segetum
382 683 518 730 pestis,
541 680 639 717 lauri
665 683 783 717 ramis
807 682 846 716 in
871 693 964 716 arvo
987 679 1126 716 defixis
1151 681 1293 716 transit
1316 682 1354 717 in

172 762 219 785 ea
242 747 335 784 folia
360 761 409 784 ex
433 751 546 785 arvis.
603 747 757 784 luxuria
781 754 966 797 segetum
990 749 1211 797 castigatur
1233 746 1356 784 dente

172 818 323 865 pecoris
349 818 388 851 in
415 813 538 851 herba
565 815 796 855 dumtaxat,
822 820 863 851 et
889 814 1083 863 depastae
1109 813 1270 864 quidem
1296 813 1356 850 vel

172 885 330 932 saepius
364 881 512 918 nullam
548 885 586 918 in
620 885 728 931 spica
762 884 943 918 iniuriam
978 883 1170 918 sentiunt.
1226 886 1357 918 reton-

172 963 303 985 sarum
321 952 443 986 etiam
461 949 584 986 semel
600 951 760 986 omnino
775 954 928 986 certum
946 954 1004 985 est
1021 961 1189 997 granum
1204 947 1357 999 longius

173 1016 256 1053 fieri
278 1022 319 1053 et
340 1019 458 1053 inane
478 1029 715 1066 cassumque
736 1029 782 1053 ae
801 1022 935 1052 satum
958 1029 1035 1052 non
1056 1017 1175 1052 nasci.
1230 1015 1358 1066 Baby-

174 1083 262 1119 lone
290 1089 429 1120 tamen
459 1084 517 1119 bis
546 1089 699 1126 secant,
727 1085 892 1119 tertium
922 1082 1157 1131 depascunt.
1185 1082 1357 1132 alioquin

174 1150 263 1187 solia
279 1156 436 1186 tantum
453 1150 606 1187 fierent.
662 1153 715 1187 sic
728 1163 887 1200 quoque
899 1163 989 1186 cum
1003 1151 1332 1200 quinquagesimo
1344 1149 1357 1172 ¹

175 1217 310 1255 fenore
342 1231 490 1254 messes
523 1217 653 1254 reddit
686 1220 832 1254 eximia
863 1216 1048 1254 fertilitas
1079 1216 1164 1260 soli,
1193 1216 1359 1267 diligen-

174 1285 339 1321 tioribus
358 1284 418 1321 vel
431 1285 446 1308 ²
465 1299 554 1321 cum
573 1287 804 1322 centesimo.
861 1297 991 1334 neque
1009 1289 1070 1321 est
1085 1297 1179 1321 cura
1194 1283 1358 1321 difficilis

174 1365 294 1402 quam
309 1352 531 1388 diutissime
548 1365 651 1402 aqua
667 1351 836 1402 rigandi,
851 1358 895 1389 ut
910 1354 1164 1401 praepinguis
1180 1357 1222 1388 et
1235 1350 1359 1388 densa

176 1419 337 1456 ubertas
394 1419 580 1456 diluatur.
638 1419 775 1456 limum
835 1425 970 1456 autem
1029 1432 1107 1455 non
1165 1417 1357 1456 invehunt

175 1486 402 1536 Euphrates
416 1486 623 1537 Tigrisque
639 1489 692 1523 sic
708 1492 751 1524 ut
767 1489 806 1523 in
821 1487 1011 1537 Aegypto
1027 1485 1152 1529 Nilus,
1166 1498 1239 1523 nee
1252 1491 1358 1523 terra

174 1556 258 1603 ipsa
298 1552 441 1590 herbas
479 1556 631 1604 gignit;
686 1554 847 1591 ubertas
886 1560 1023 1590 tamen
1062 1559 1177 1590 tanta
1215 1559 1277 1590 est.
1314 1559 1357 1590 ut

175 1626 370 1670 sequente
402 1634 506 1657 anno
536 1627 679 1670 sponte
711 1621 895 1658 restibilis
928 1621 999 1657 fiat
1029 1633 1143 1671 seges
1175 1623 1358 1670 inpressis

177 1690 343 1737 vestigio
372 1688 600 1725 seminibus.
657 1701 761 1738 quae
789 1693 907 1724 tanta
935 1687 1004 1724 soli
1035 1687 1259 1725 differentia
1291 1687 1357 1725 ad-

176 1761 312 1792 monet
332 1761 464 1792 terrae
483 1768 633 1804 genera
652 1758 691 1792 in
710 1755 844 1805 fruges
863 1755 1088 1793 discribere.

361 1831 372 1850 ¹
399 1836 426 1866 E
444 1835 665 1875 Theophrasto
682 1835 900 1867 Hermolaus:
927 1836 1048 1876 quinto
1064 1835 1206 1867 decimo.

358 1875 372 1896 ²
397 1878 569 1919 Mayhoss:
597 1888 721 1910 venum
740 1883 768 1910 el
783 1878 863 1910 alia.

213 1999 226 2013 ⁸
250 1994 331 2025 This
355 1994 450 2025 hides
471 2005 491 2025 a
516 1994 606 2026 fact:
646 1995 706 2025 the
730 1994 834 2035 living
858 1994 971 2025 leaves
995 1993 1034 2025 of
1052 2003 1147 2026 some
1172 1993 1359 2025 barben-ies

169 2048 226 2068 ure
244 2037 301 2068 the
318 2038 520 2078 springtime
538 2037 616 2069 host.
631 2037 669 2069 of
682 2037 794 2069 wheat
812 2037 1014 2069 black-rust.

175 2109 245 2145 290
