1486 2359
102 445 163 475 140

103 817 158 847 141

103 1248 163 1280 142

106 1621 164 1652 143

394 151 584 188 PLINY:
637 150 901 187 NATURAL
938 149 1174 187 HISTORY

192 255 310 292 boum
364 256 464 304 iugis
515 252 623 290 modi
675 254 796 302 quini.
854 251 1003 288 Martio
1054 264 1192 288 mense
1242 257 1372 288 satum

191 319 354 353 noxium
385 328 470 352 esse
499 315 626 351 bobus
656 317 782 358 aiunt,
805 316 902 350 item
926 319 1119 350 autumno
1141 312 1373 363 gravedino—

195 391 296 420 sum,
319 379 524 413 innoxium
548 382 685 412 autem
707 375 789 411 fieri
812 377 938 424 primo
961 387 1052 411 vere
1073 380 1218 411 satum.

240 438 430 475 XXXIX.
461 438 512 474 Et
562 437 697 480 silicia,
745 435 818 473 hoc
867 442 927 473 est
976 435 1112 472 fenum
1163 435 1374 479 Graecum,

190 499 483 550 scariphatione
504 502 662 542 seritur,
683 512 762 535 non
784 498 924 534 altiore
946 503 1138 548 quattuor
1159 497 1374 547 digitorum

190 564 311 608 sulco,
357 570 589 614 quantoque
634 565 746 613 peius
791 567 990 599 tractatur
1034 567 1149 598 tanto
1194 564 1375 611 provenit

190 626 516 663 melius—rarum
548 625 657 662 dictu
689 637 774 661 esse
805 623 955 674 aliquid
987 626 1049 660 cui
1084 625 1207 673 prosit
1241 622 1376 674 negle-

191 691 351 739 gentia;
380 688 419 724 id
442 693 579 724 autern
604 685 711 737 quod
737 685 866 723 secale
891 698 936 722 ac
965 684 1122 735 farrago
1151 684 1377 734 appellatur

189 752 316 787 occari
334 755 495 786 tantum
513 748 728 786 desiderat.

240 811 326 848 XL.
356 810 493 848 Secale
532 810 693 847 Taurini
733 809 806 847 sub
848 809 1015 858 Alpibus
1057 811 1179 846 asiam
1220 813 1376 852 vocant,

190 873 450 911 deterrimum
473 878 514 909 et
527 872 541 895 1
557 878 718 909 tantum
734 871 785 908 ad
803 870 1016 908 arcendam
1030 869 1194 914 famem,
1206 869 1376 907 fecunda

191 935 260 972 sed
298 934 434 985 gracili
472 934 634 984 stipula,
673 935 833 983 nigritia
877 935 1007 976 triste,
1045 931 1221 981 pondere
1264 945 1377 982 prae-

189 999 362 1046 cipuum.
397 996 640 1033 admiscetur
652 994 743 1032 huic
755 993 817 1031 far
830 1000 874 1031 ut.
890 996 1050 1044 mitiget
1068 993 1375 1030 amaritudinem

190 1061 288 1102 eius,
308 1064 350 1095 et
375 1064 515 1095 tamen
543 1060 597 1094 sic
631 1069 791 1107 quoque
820 1058 1131 1105 ingratissimum
1154 1058 1281 1092 ventri
1303 1061 1375 1092 est.

190 1123 366 1157 nascitur
403 1119 686 1170 qualicumque
729 1118 811 1155 solo
853 1131 942 1155 cum
981 1120 1202 1154 centesimo
1239 1130 1377 1168 grano,

190 1185 401 1232 ipsumque
421 1195 492 1232 pro
509 1181 730 1218 laetamine
751 1186 823 1217 est.

240 1243 348 1280 XLI.
379 1243 553 1294 Farrago
602 1256 651 1280 ex
699 1244 957 1279 recrementis
996 1240 1108 1278 farris
1156 1240 1376 1291 praedensa

190 1309 347 1349 seritur,
365 1305 547 1342 admixta
565 1303 779 1355 aliquando
798 1310 837 1341 et
858 1306 969 1340 vicia.
1025 1303 1166 1340 eadem
1186 1305 1226 1340 in
1243 1301 1377 1340 Africa

191 1369 236 1405 fit
255 1381 304 1405 ex
321 1367 483 1404 hordeo.
539 1369 671 1404 omnia
691 1365 790 1403 haec
808 1365 1029 1415 pabularia,
1046 1365 1377 1415 degeneransque

191 1443 241 1467 ex
285 1429 551 1480 leguminibus
598 1441 702 1479 quae
747 1433 910 1465 vocatur
946 1440 1098 1471 emeca,
1141 1429 1181 1463 in
1217 1431 1376 1464 tantum

191 1491 382 1529 columbis
399 1497 516 1542 grata
534 1496 577 1527 ut
595 1496 729 1540 pastas
748 1503 796 1526 ea
814 1495 964 1540 negent
981 1488 1169 1539 fugitivas
1187 1487 1287 1525 illius
1304 1487 1376 1525 loci

193 1553 288 1590 fieri.

242 1615 371 1652 XLII.
402 1614 523 1664 Apud
544 1617 728 1664 antiquos
745 1619 831 1650 erat
847 1612 980 1663 pabuli
1002 1626 1128 1663 genus
1149 1612 1256 1663 quod
1276 1610 1378 1649 Cato

192 1680 348 1714 ocinum
371 1682 501 1720 vocat,
522 1689 600 1726 quo
622 1675 816 1712 sistebant
840 1674 968 1711 alvom
990 1675 1131 1711 bubus.
1187 1674 1225 1711 id
1248 1679 1335 1711 erat
1356 1687 1376 1711 e

193 1738 327 1788 pabuli
350 1744 490 1789 segete
515 1737 636 1774 viride
660 1737 868 1774 desectum
893 1742 1110 1786 antequam
1133 1734 1379 1787 generaret!

192 1800 291 1837 Sura
315 1799 519 1836 Mamilius
541 1799 657 1836 aliter
678 1798 718 1836 id
740 1801 1029 1848 interpretatur
1051 1803 1093 1834 et
1114 1797 1239 1834 tradit
1260 1795 1378 1834 fabae

193 1862 344 1899 modios
383 1874 420 1905 x,
453 1864 577 1898 viciae
616 1873 660 1904 n,
693 1859 934 1897 tantundem
969 1859 1128 1896 erviliae
1162 1861 1202 1896 in
1240 1861 1378 1909 iugero

290 1978 298 1996 ¹
327 1977 482 2017 ,Uajslctff
493 1989 499 2007 :
525 1977 594 2008 sed.

288 2024 298 2039 ²
323 2021 458 2052 Strack:
483 2020 610 2061 gelaret
628 2018 848 2060 (genicularet
867 2017 912 2049 vel
929 2017 1107 2058 siliquam
1128 2017 1298 2057 Ursinus).

194 2083 263 2127 278
