1486 2359
174 1093 214 1122 33

173 1608 191 1637 3
195 1608 212 1635 4

448 146 531 183 PLl
541 147 636 184 NY:
680 147 827 184 NATU
836 147 944 184 RAL
982 147 1217 184 IIIS'I'ORY

243 250 477 300 philuraque
530 251 787 288 manifestum
839 257 912 288 est.
969 252 1060 288 inde
1113 251 1350 289 translatum
1401 266 1425 290 a

245 314 384 351 Poenis
404 317 527 364 sparti
548 329 661 352 usum
682 329 874 365 perquam
895 315 1020 352 simile
1041 318 1122 352 veri
1143 322 1215 353 est.

293 380 340 416 X.
372 378 668 429 Theophrastus
690 386 827 417 auctor
847 386 909 416 est
928 393 1014 417 esse
1034 380 1144 417 bulbi
1174 394 1301 430 genus
1321 383 1423 418 circa

245 446 345 493 ripas
367 446 541 480 amnium
563 458 741 485 nascens,
763 447 874 481 cuius
895 446 999 481 inter
1015 458 1214 481 summum
1234 448 1421 483 corticem

243 521 411 557 eamque
435 514 590 557 partem
613 522 692 558 qua
715 514 927 545 vescuntur
949 521 1034 546 esse
1058 509 1214 546 laneam
1237 515 1421 547 naturam

243 585 290 608 ex
316 586 393 622 qua
418 572 552 621 inpilia
577 579 787 622 vestesque
812 573 1010 622 quaedam
1033 573 1313 618 conficiantur;
1351 574 1421 611 sed

244 650 372 686 neque
394 639 597 684 regionem
619 639 657 673 in
679 651 757 686 qua
777 637 816 673 id
839 637 907 674 fiat
929 650 1001 674 nec
1022 639 1235 687 quicquam
1255 638 1426 688 diligen-

243 703 319 737 tius
350 707 631 750 praeterquam
663 701 896 750 eriophoron
928 701 967 738 id
998 702 1188 751 appellari
1218 705 1258 739 in
1289 715 1424 740 exem-

244 765 415 814 plaribus
461 779 563 815 quac.
611 766 797 815 equidem
843 768 1061 803 invenerim
1107 766 1247 811 tradit,
1292 780 1423 817 neque

242 832 401 866 omnino
422 830 541 866 ullam
562 833 806 867 mentionem
827 829 949 867 habet
969 833 1092 880 sparti
1112 837 1256 868 cuncta
1276 844 1422 882 magna

241 908 333 930 cura
366 900 597 943 persecutus
629 895 770 931 cccxcl
805 897 916 932 annis
949 901 1042 931 ante
1076 908 1159 939 nos,
1192 901 1236 932 ut
1268 897 1348 933 iam
1379 902 1421 933 et

243 958 317 994 alio
347 958 430 995 loco
459 959 644 1002 diximus,
668 972 746 1009 quo
775 965 942 1008 apparet
971 965 1060 1009 post
1091 959 1129 996 id
1161 962 1357 1009 temporis
1384 962 1423 997 in

243 1036 355 1059 usum
376 1025 528 1060 venisse
547 1030 737 1072 spartum.

292 1087 362 1124 XI.
395 1087 447 1124 Et.
461 1090 648 1136 quoniam
661 1102 683 1124 a
700 1088 895 1125 miraculis
909 1101 1040 1125 rerum
1053 1090 1269 1138 coepimuS‚
1281 1102 1422 1140 seque—

243 1165 329 1188 mur
340 1165 476 1188 eorum
487 1152 681 1196 ordinem,
693 1155 731 1188 in
743 1153 885 1202 quibus
897 1153 957 1189 vel
973 1155 1191 1190 maximum
1203 1159 1264 1190 est
1275 1153 1423 1203 aliquid

243 1218 347 1252 nasci
363 1229 407 1252 ac
423 1218 553 1253 vivere
569 1219 654 1253 sine
670 1216 747 1253 ulla
763 1217 906 1253 radice.
962 1217 1106 1253 tubera
1120 1216 1218 1254 haec
1233 1224 1424 1255 vocantur

243 1280 416 1330 undique
448 1287 554 1317 terra
585 1281 830 1318 circumdata
862 1281 1059 1332 nullisque
1092 1281 1198 1318 fibris
1229 1284 1322 1318 nixa
1353 1289 1421 1320 aut

241 1344 382 1381 saltem
404 1345 706 1394 capillamentis,
729 1359 800 1382 nec
822 1348 961 1395 utique
984 1346 1251 1383 extuberante
1273 1346 1358 1384 loco
1380 1349 1420 1384 in

242 1422 319 1458 quo
335 1411 554 1459 gignuntur
569 1416 639 1446 aut
655 1412 772 1447 rimas
788 1413 988 1447 sentiente
1003 1422 1011 1453 ;
1042 1423 1172 1460 neque
1189 1413 1275 1460 ipsa
1290 1417 1422 1449 terrae

241 1472 470 1518 cohaerent,
498 1476 643 1511 cortice
674 1477 795 1511 etiam
827 1474 1094 1519 includuntur,
1125 1481 1170 1512 ut
1198 1475 1316 1524 plane
1347 1489 1420 1513 nec

242 1544 388 1574 ferram
409 1551 494 1574 csse
513 1541 706 1587 possimus
724 1539 855 1575 dicere
875 1552 1005 1588 neque
1025 1539 1135 1576 aliud
1154 1552 1274 1589 quam
1292 1546 1423 1577 terrae

241 1602 395 1639 callum.
451 1605 559 1639 siccis
580 1602 676 1639 haec
696 1602 778 1639 fere
797 1609 839 1640 et
858 1604 1048 1640 sabulosis
1067 1603 1159 1640 locis
1178 1603 1422 1642 frutectosis-

241 1680 317 1716 que
341 1673 566 1703 nascuntur.
623 1667 823 1704 excedunt
844 1681 964 1717 saepe
987 1668 1308 1718 magnitudinem
1329 1669 1421 1705 mali

240 1733 410 1775 cotonei,
437 1733 559 1768 etiam
592 1731 715 1768 librali
744 1731 931 1781 pondere.
987 1732 1065 1769 duo
1092 1745 1229 1769 corum
1254 1746 1418 1783 genera,

284 1830 292 1847 ¹
320 1827 516 1860 Harzlom‘n:
543 1837 629 1860 CCCL
646 1829 694 1860 cd.
712 1828 791 1859 Par.
812 1828 882 1859 Lat.
905 1830 1010 1861 10:318
1027 1832 1036 1869 (
1053 1843 1084 1854 =
1099 1828 1213 1870 onppl.
1231 1828 1304 1861 Lat.
1321 1830 1416 1867 685>:

238 1882 360 1904 ΓΓΓΧῘιι

280 2021 294 2035 ·
319 2017 405 2048 Hiar.
426 2016 542 2057 plant..
562 2015 639 2047 VII.
658 2017 706 2048 13.
721 2018 751 2051 8,
766 2015 824 2046 the
838 2014 977 2046 modern
993 2015 1146 2046 Mascuri
1159 2026 1334 2053 comosum,
1351 2021 1416 2048 etc.

279 2058 290 2077 ⁶
319 2061 347 2090 lt
367 2061 394 2088 is
412 2058 605 2090 mentioned
626 2058 656 2088 in
676 2058 763 2089 [lisa
785 2058 906 2091 ΙἸηηΙ..
925 2059 952 2088 Ῐ.
969 2060 998 2089 8.

237 2135 307 2166 440
