1486 2359
142 245 184 273 41)

141 661 176 690 41

141 1218 182 1248 42

140 1636 180 1665 43

412 134 601 172 PLINY:
655 135 918 173 NATURAL
955 135 1191 174 HISTORY

210 244 354 274 senatu
399 237 471 274 illis
518 237 715 275 vilieante.
770 238 862 275 inde
907 238 971 274 illa
1017 238 1168 289 reliqua
1213 239 1391 276 oracula:

211 308 218 319 ⁶
239 321 411 357 nequam
460 307 674 357 agricolam
718 321 803 344 esse
851 310 1026 358 quisquis
1080 315 1234 346 emeret
1286 309 1393 359 quod

210 384 414 427 praestare
445 380 479 413 ei
510 376 654 414 fundus
684 384 833 427 posset,
861 377 1011 414 malum
1039 384 1197 428 patrem
1224 378 1392 415 familias

210 449 385 496 quisquis
414 447 587 483 interdiu
614 446 767 484 faceret
795 447 901 497 quod
929 453 1050 484 noctu
1077 454 1226 497 posset,
1254 450 1326 484 nisi
1353 450 1393 485 in

209 522 456 565 tempestate
475 516 589 559 caeli,
607 519 783 565 peiorem
804 519 871 566 qui
890 516 1075 566 profestis
1094 517 1234 554 diebus
1253 523 1393 566 ageret

211 586 316 635 quod
342 585 494 622 seriatis
521 586 704 630 deberet,
729 589 945 635 pessimum
972 589 1038 636 qui
1064 600 1205 624 sereno
1230 587 1294 624 die
1320 587 1393 624 sub

209 662 319 692 tecto
340 658 471 705 potius
492 662 728 705 operaretur
748 669 870 706 quam
891 658 930 693 in
951 655 1074 706 agr0.'
1121 669 1278 707 nequeo
1298 655 1392 693 mihi

209 731 436 774 temperare
473 727 682 775 quominus
718 738 841 762 unum
877 725 1105 775 exemplum
1141 728 1393 776 antiquitatis

210 794 390 831 adferam
414 808 462 831 ex
485 808 563 844 quo
585 795 765 845 intellegi
786 798 909 845 possit
931 795 1038 845 apud
1059 795 1250 846 populum
1271 798 1393 833 etiam

209 865 259 901 de
280 865 443 901 culturis
464 865 610 915 agendi
631 878 782 901 morem
803 864 938 908 fuisse,
959 865 1211 915 qualiterque
1231 865 1393 903 defendi

209 934 312 971 soliti
333 937 411 971 sint
441 934 494 971 illi
516 937 598 971 viri.
653 935 697 971 C.
730 935 868 971 Furius
892 934 1118 972 Cliresimus
1149 948 1171 972 e
1200 938 1393 972 servitute

209 1004 414 1047 liberatus,
445 1018 535 1041 cum
569 1007 607 1040 in
640 1017 761 1054 parvo
794 1004 1010 1041 admodum
1043 1004 1173 1055 agello
1204 1004 1393 1055 largiores

210 1074 335 1110 multo
386 1073 538 1111 fruetus
590 1077 816 1123 perciperet
868 1088 990 1124 quam
1043 1088 1092 1111 ex
1145 1074 1393 1124 amplissimis

210 1146 403 1187 vicinitas,
431 1146 470 1179 in
499 1144 645 1180 invidia
675 1150 762 1181 erat
792 1158 953 1193 magna,
980 1157 1054 1181 eeu
1082 1144 1217 1194 fruges
1245 1144 1393 1181 alienas

209 1213 420 1262 perliceret
447 1214 658 1250 veneficiis.
715 1214 976 1263 quamobrem
1004 1214 1054 1250 ab
1081 1213 1221 1263 Spurio
1248 1213 1394 1250 Albino

207 1283 330 1319 curuli
355 1282 483 1319 aedile
502 1283 514 1305 ¹
537 1283 601 1319 die
625 1283 732 1320 dieta
756 1290 940 1320 metuens
964 1283 1281 1327 damnationem,
1303 1297 1392 1321 eum

209 1355 246 1389 in
296 1352 526 1402 suffragium
565 1353 692 1389 tribus
731 1359 935 1402 oporteret
974 1355 1045 1397 ire,
1084 1355 1392 1390 instrumentum

209 1424 399 1459 rusticum
423 1436 539 1458 omne
564 1424 603 1457 in
627 1421 756 1458 forum
780 1422 918 1458 attulit
943 1428 985 1459 et
1009 1422 1178 1459 adduxit
1200 1421 1392 1459 familiam

208 1505 320 1528 suam
351 1491 522 1528 validam
552 1497 689 1541 atque,
720 1497 764 1528 ut
793 1493 850 1528 ait
881 1490 983 1535 Piso,
1003 1491 1106 1528 bene
1136 1497 1318 1528 curatam
1347 1504 1392 1529 ac

209 1563 410 1603 vestitam,
440 1560 684 1597 ferramenta
715 1563 875 1611 egregie
905 1560 1029 1604 faeta,
1057 1574 1198 1611 graves
1227 1560 1392 1612 ligones,

208 1643 387 1666 vomeres
423 1630 677 1678 ponderosos,
713 1630 833 1666 boves
868 1636 1036 1667 saturos.
1092 1636 1234 1679 postea
1268 1630 1391 1668 dixit:

209 1699 216 1711 ‘
237 1699 438 1736 veneficia
454 1713 559 1743 mea,
575 1700 765 1745 Quirites,
781 1699 880 1736 haec
896 1706 1003 1744 sunt,
1020 1713 1092 1737 nee
1107 1713 1266 1749 possum
1283 1700 1391 1737 vobis

208 1769 420 1806 ostendere
443 1775 511 1806 aut
534 1771 572 1805 in
594 1769 722 1806 forum
744 1769 943 1806 adducere
965 1769 1260 1807 lucubrationes
1281 1783 1391 1807 meas

209 1838 440 1889 vigiliasque
459 1844 501 1875 et
519 1837 711 1875 sudores.’
765 1841 941 1875 omnium
959 1841 1169 1876 sententiis
1187 1838 1390 1876 absolutus

208 1911 345 1958 itaque
372 1914 445 1945 est.
501 1908 683 1958 profecto
708 1921 831 1958 opera
857 1911 1023 1958 inpensa
1049 1908 1206 1946 cultura
1231 1914 1389 1946 constat

623 2011 635 2030 ²
659 2010 766 2041 aedile
781 2010 856 2041 add.
874 2010 981 2052 Silliq.

208 2063 276 2100 216
