1486 2359
127 498 163 528 51

399 176 587 214 PLINY:
640 176 903 214 NA'HJRAL
940 176 1176 214 HISTORY

195 282 314 316 tritici
350 293 498 329 genere
533 293 623 328 pars
657 280 788 330 aliqua
822 280 956 329 pabuli
991 286 1051 317 est
1084 280 1373 331 quadripedum

194 346 312 369 causa
341 336 435 375 sati,
466 339 508 369 ut
539 333 711 383 farrago,
738 339 779 370 et
807 336 846 370 in
875 333 1156 384 leguminibus,
1181 340 1226 370 ut
1255 337 1375 377 w'cia3

195 387 246 423 ad
289 400 541 423 communem
589 387 879 437 quadripedum
927 387 1211 437 hominumque
1260 400 1373 424 usum

195 440 385 489 lupinum.

247 492 469 543 Legumina
496 496 629 530 omnia
656 493 830 543 singulas
858 492 1010 530 habent
1036 494 1188 531 radices
1215 498 1376 544 praeter

194 546 343 589 fabam,
388 559 536 596 easque
579 546 813 590 surculosas‚
856 549 949 597 quia
993 559 1071 583 non
1114 549 1154 583 in
1197 546 1374 584 multasl

195 599 438 643 dividuntur,
460 600 670 636 altissimas
692 606 829 637 autem
849 603 963 637 cicer.
1018 599 1220 637 frumenta
1241 600 1375 637 multis

194 653 424 690 radicantur
451 653 556 690 fibris
584 656 668 691 sine
696 656 826 690 ramis.
882 656 1054 703 erumpit
1082 667 1104 690 a
1132 656 1259 704 primo
1284 659 1375 691 satu

196 706 387 744 hordeum
428 707 493 744 die
533 710 719 756 septimo,
758 707 946 757 legumen
987 713 1131 757 quarto
1169 707 1247 751 vel,
1284 720 1374 744 cum

195 760 434 803 tardissime,
463 763 648 810 septimo,
677 761 771 797 faba
802 774 823 797 a
854 773 903 797 xv
932 760 983 797 ad
1013 773 1075 804 xx,
1104 760 1306 811 legumina
1336 763 1374 797 in

196 815 385 864 Aegypto
406 817 528 850 tertio
550 814 628 851 die.
684 827 733 851 ex
755 813 905 851 hordeo
927 813 1098 851 alterum
1119 820 1241 864 caput
1262 817 1374 865 grani

195 871 233 903 in
262 868 436 904 radicem
466 870 564 911 exit,
592 867 763 904 alterum
792 871 832 904 in
861 867 1040 911 herbam,
1069 880 1174 918 quae
1202 873 1244 905 et
1271 870 1377 918 prior

195 921 332 963 floret;
376 921 551 958 radicem
582 924 747 958 crassior
777 934 867 971 pars
898 924 1011 972 grani
1042 920 1189 965 fundit,
1217 923 1377 958 tenuior

195 974 345 1017 florem,
370 977 514 1012 ceteris
539 975 756 1012 seminibus
782 975 924 1012 eadem
950 988 1040 1024 pars
1067 980 1108 1011 et.
1133 974 1308 1012 radicem
1333 981 1375 1012 et

194 1027 342 1064 florem.

248 1081 466 1118 Frumenta
500 1080 631 1118 hieme
666 1084 706 1118 in
740 1080 863 1118 herba
898 1087 1005 1124 sunt,
1040 1094 1160 1118 verno
1193 1087 1375 1131 tempore

195 1134 437 1184 fastigantur
457 1137 497 1171 in
517 1135 706 1184 stipulam
728 1148 831 1185 quae
853 1141 945 1171 sunt
968 1135 1119 1172 hiberni
1141 1137 1313 1186 generis,
1333 1141 1376 1172 at

195 1187 345 1225 milium
392 1195 433 1225 et
479 1191 664 1238 panicum
711 1191 750 1225 in
795 1188 969 1225 culmum
1015 1188 1288 1239 geniculatum
1333 1194 1377 1225 et

194 1255 425 1285 concavum,
469 1255 625 1279 sesama
670 1256 761 1279 vcro
805 1245 844 1278 in
889 1241 1146 1279 ferulaceum.
1199 1244 1375 1279 omnium

194 1295 439 1332 sativorum2
468 1295 620 1332 fructus
650 1302 720 1332 aut
748 1298 864 1345 spicis
891 1298 1134 1340 continetur,
1162 1301 1208 1333 ut
1240 1297 1376 1339 tritici,

195 1348 346 1392 hordei,
377 1352 635 1399 muniturque
666 1348 769 1385 vallo
800 1352 1010 1386 aristarum
1041 1355 1180 1386 contra
1210 1361 1303 1386 aves
1334 1354 1376 1386 et

195 1416 333 1450 parvas
361 1403 641 1453 quadripedes,
669 1408 738 1439 aut
766 1402 981 1440 includitur
1006 1402 1169 1452 siliqui5‚
1197 1408 1241 1439 ut
1268 1402 1378 1453 legu-

197 1459 359 1498 minum,
406 1463 476 1493 aut
523 1456 701 1499 vasculis,
747 1461 792 1492 ut.
837 1469 1017 1493 sesamae
1063 1469 1108 1492 ac
1154 1458 1374 1505 papaveris.

197 1509 344 1545 milium
380 1515 422 1546 et
455 1512 641 1559 panicum
673 1515 834 1546 tantum
867 1522 939 1558 pro
972 1509 1137 1546 indiviso
1171 1515 1213 1545 ct
1246 1511 1376 1559 parvis

195 1563 331 1599 avibus
365 1566 590 1612 expositum
624 1568 708 1606 est3
754 1562 1038 1600 indefensum³
1072 1565 1220 1613 quippe
1253 1575 1377 1599 mem-

196 1617 326 1652 branis
369 1616 629 1653 continetur.⁴
682 1619 867 1666 panicum
912 1630 935 1653 a
978 1616 1168 1666 paniculis
1211 1616 1377 1659 dictum,

193 1672 399 1707 cacumine
445 1670 634 1719 languide
682 1676 866 1714 nutante,
912 1669 1106 1720 paulatim
1154 1675 1377 1707 extenuato

325 1766 336 1786 ¹
361 1765 512 1797 multas?
531 1765 706 1806 Mayhoff:
731 1766 851 1797 multa.

322 1809 334 1828 ²
363 1808 438 1840 VJl.
455 1809 656 1844 sativomm,
673 1812 878 1840 saturorum.

325 1852 337 1869 ³
363 1852 520 1892 Mayhoff
531 1865 537 1883 :
564 1852 748 1883 indefensa.
916 1852 930 1870 ⁴
957 1850 1019 1883 VJ.
1038 1852 1266 1883 continentur.

239 1972 252 1986 ‘²
278 1968 427 2009 Perhaps
452 1967 496 1999 all
523 1968 619 2000 these
645 1967 807 1999 numbers
832 1967 954 1999 should
983 1967 1023 1998 be
1049 1967 1195 1999 reduced
1224 1967 1269 2007 by
1298 1967 1313 1998 l
1341 1966 1375 1998 in

196 2010 346 2052 English,
371 2021 408 2042 aa
432 2010 491 2042 the
515 2010 653 2042 Roman
677 2010 782 2042 idiom
802 2010 914 2042 would
939 2010 1091 2041 describe
1114 2020 1173 2050 eq.
1202 2008 1376 2051 Saturday

195 2065 231 2084 aa
250 2053 308 2085 the
327 2054 470 2085 severith
491 2053 559 2094 day
579 2054 669 2085 aster
685 2053 839 2094 Sunday,
860 2057 922 2084 not
940 2053 999 2084 the
1018 2053 1122 2084 sixth.

194 2126 261 2150 222
