1486 2359
88 572 149 603 237

88 941 150 972 238

87 1373 149 1403 239

378 156 568 193 PLINY:
621 155 884 193 NATURAL
922 154 1158 193 HISTORY

176 263 209 296 si
222 266 391 307 angusta
404 260 664 295 decorticatio
676 258 766 302 fuit,
776 258 870 294 nihil
884 265 1001 295 nocet
1014 264 1059 295 ut
1073 259 1086 281 ¹
1099 271 1216 308 supra
1229 258 1358 302 dictis,

178 321 453 357 infirmioribus
486 320 646 370 quidcm
680 326 722 357 et
752 323 792 356 in
823 320 905 356 solo
937 320 1072 370 gracili
1106 319 1165 357 vel
1198 321 1248 356 ab
1280 333 1357 357 una

175 389 335 419 tantum
357 389 472 431 parte
493 382 699 418 detractus
721 384 938 418 interemit,
992 381 1160 418 similem
1182 388 1223 418 et
1243 381 1358 419 deca-

176 446 392 480 cuminatio
423 446 618 479 rationem
650 442 772 479 habet
804 445 956 492 piceae,
984 442 1106 486 cedri,
1134 445 1358 492 cupressi—

178 505 252 542 hae
295 508 399 541 enim
440 505 624 541 detracto
663 507 869 542 cacumine
910 510 979 541 aut
1021 505 1176 555 ignibus
1216 504 1358 541 adusto

178 566 602 603 intereunt—similem
638 572 680 603 et
715 566 898 615 depastio
933 566 1175 603 animalium.
1229 565 1357 603 oleam

178 629 339 678 quidem
361 631 483 664 etiam
505 630 535 664 si
559 627 711 664 lambat
732 640 852 677 capra
872 627 1118 664 sterilescere
1139 633 1277 664 auctor
1297 634 1358 664 est

179 690 314 732 Varro,
335 695 377 726 ut
399 689 581 726 diximus.
637 689 836 739 quaedam
856 687 930 726 hac
957 691 1098 726 iniuria
1124 691 1358 733 moriuntur,

178 751 309 801 aliqua
347 751 547 787 deteriora
584 756 742 787 tantum
783 751 897 794 fiunt,
934 756 979 787 ut
1017 749 1357 801 amygdalae—ex

173 813 352 850 dulcibus
369 815 473 849 enim
489 812 824 863 transfigurantur
844 815 882 848 in
899 811 1251 862 amaras,—aliqua
1267 825 1359 849 vero

179 878 300 911 ctiam
332 874 502 917 utiliora,
537 880 581 910 ut
615 880 713 923 aput
748 873 865 910 Chios
900 876 1006 923 pirus
1036 886 1156 924 quam
1187 873 1359 911 Phocida

177 935 393 986 appellant.
434 948 525 972 nam
538 935 791 972 detruncatio
803 935 973 972 diximus
986 935 1127 985 quibus
1140 935 1358 985 prodesset.

180 1001 381 1034 intereunt
400 997 590 1047 pleraque
609 1003 651 1034 et
669 997 759 1034 fissa
775 1000 915 1046 stirpe,
933 1000 1112 1046 exceptis
1131 999 1225 1041 vite,
1242 996 1360 1041 malo,

180 1060 266 1102 fico,
287 1062 451 1108 punicis,
472 1059 671 1109 quaedam
693 1058 754 1095 vel
775 1059 825 1094 ab
848 1058 977 1095 ulcere
997 1065 1181 1102 tantum3
1214 1061 1328 1108 pinus
1345 1059 1360 1082 ²

178 1120 279 1157 hanc
296 1123 477 1157 iniuriam
493 1123 643 1170 spernit
661 1126 701 1157 et
719 1123 851 1156 omnia
868 1133 971 1170 quae
988 1123 1158 1157 resinam
1174 1123 1357 1171 gignunt.

178 1183 374 1219 radicibus
395 1185 612 1231 amputatis
633 1184 729 1218 mori
750 1184 911 1218 minime
931 1185 1073 1218 mirum
1093 1187 1176 1224 est;
1209 1181 1360 1232 plerae-

180 1258 256 1294 que
279 1247 402 1280 ctiam
419 1244 434 1266 ³
456 1257 532 1279 non
555 1244 736 1280 omnibus
757 1243 828 1279 sed
849 1246 1032 1279 maximis
1053 1249 1124 1280 aut
1144 1256 1247 1293 quae
1267 1250 1359 1281 sunt

179 1309 283 1342 intcr
300 1305 384 1341 illas
404 1305 542 1341 vitales
563 1305 720 1341 abscisis
741 1308 972 1342 moriuntur.

256 1367 410 1403 Nec-ant
439 1369 606 1403 invicem
642 1369 746 1403 inter
779 1380 865 1404 sese
895 1367 1034 1403 umbra
1063 1366 1125 1404 vel
1158 1366 1359 1404 densitate

179 1436 301 1478 atquc
321 1428 498 1465 alimenti
519 1431 679 1477 rapina;
714 1435 830 1465 necat
852 1434 891 1465 et
913 1427 1062 1465 hedera
1081 1430 1268 1473 vinciens,
1287 1442 1360 1467 nec

181 1493 327 1527 viscum
346 1490 521 1539 prodest,
540 1496 579 1526 ct
599 1493 747 1540 cytisus
766 1489 915 1531 necat:²
947 1496 1141 1527 necantur
1156 1490 1171 1513 5
1189 1503 1236 1527 eo
1254 1490 1360 1540 quod

181 1552 355 1588 halimon
371 1558 511 1588 vocant
527 1552 682 1588 Gracci.
732 1551 980 1601 quorundam
995 1557 1138 1588 natura
1151 1565 1228 1588 non
1242 1558 1360 1589 necat

180 1613 340 1663 quidcm
380 1613 450 1649 sed
490 1613 613 1649 laedit.
652 1613 817 1649 odorum
857 1619 927 1649 aut
966 1616 1047 1649 suci
1087 1615 1276 1656 mixtura,
1315 1619 1360 1650 ut

180 1674 378 1725 raphanus
413 1681 454 1711 ct
487 1674 619 1711 laurus
655 1677 799 1718 vitem;
841 1674 1071 1711 olfactatrix
1101 1677 1206 1711 enim
1244 1686 1329 1712 esse
1343 1674 1358 1698 ⁰

361 1792 372 1810 ²
401 1790 463 1822 VJ.
482 1796 632 1822 nocetur.

361 1835 372 1852 ²
394 1834 567 1865 Budaeus:
593 1834 686 1865 ficus.

358 1878 370 1895 ³
396 1877 569 1917 Mayhoss:
595 1881 722 1908 tamen.

359 1920 370 1938 ⁴
394 1924 494 1951 nccat
510 1920 584 1951 add.
599 1923 611 1951 Ὺ
632 1919 793 1960 Mayhoff.

358 1964 369 1981 ὓ
393 1963 561 1993 Ruclchnm
579 1967 734 2000 (necatur
753 1961 943 2001 llardouin)
959 1974 965 1993 ε
991 1972 1051 1993 nee
1069 1972 1181 1994 aureo.

357 2008 368 2023 ¹⁵
391 2017 462 2036 csse
478 2006 552 2037 add.
570 2006 747 2036 Rackham.

182 2067 248 2110 164
