1486 2359
464 159 650 195 PLINY:
694 159 957 196 NATURAL
993 159 1230 196 HISTORY

257 265 407 299 semine
426 263 477 298 ab
496 262 646 299 Tiaris:
676 268 737 300 est
758 268 894 300 autem
919 265 949 299 is
971 262 1076 300 locus
1100 266 1139 300 in
1159 276 1237 313 quo
1266 263 1434 313 plurima

258 327 481 358 nascuntur.
538 322 656 358 Asiae
691 321 931 358 nobilissima
958 324 1060 358 circa
1089 322 1352 372 Lampsacum
1391 330 1434 360 et

257 380 614 429 Alopeconnesum,
635 380 825 417 Graeciae
847 393 939 417 vero
959 383 1061 416 circa
1083 381 1197 418 Elim.

188 446 229 475 :58
307 438 412 475 XIV.
445 438 545 475 Sunt
575 445 616 476 et
651 442 689 475 in
721 438 932 489 fungorum
963 452 1111 490 genere
1145 440 1305 477 Graecis
1336 440 1429 478 dicti

256 501 427 547 pezicae‚
446 501 512 548 qui
532 500 614 534 sine
634 497 764 534 radice
784 504 853 534 aut
872 498 1053 547 pediculo
1074 506 1298 537 nascuntur.

306 556 390 593 XV.
422 557 486 593 Ab
509 556 567 594 his
591 560 813 606 proximum
835 557 989 594 dicetur
1009 560 1248 595 auctoritate
1267 557 1428 596 clarissi-

256 629 363 652 mum
396 615 659 665 laserpicium,
693 615 799 666 quod
831 616 972 652 Graeci
1006 615 1174 666 silphion
1204 623 1361 662 vocant,
1393 620 1431 654 in

255 675 471 725 Cyrenaica
493 677 691 724 provincia
712 681 930 724 repertum,
949 677 1058 712 cuius
1082 688 1219 712 sucum
1246 675 1348 713 laser
1367 690 1429 714 vo-

254 740 362 777 cant,
392 734 647 783 magnificum
680 737 719 771 in
754 747 825 770 usu
859 734 1272 785 medicamentisquel
1307 741 1349 773 et
1382 736 1431 773 ad

187 800 228 829 39
256 793 408 842 pondus
425 796 605 843 argentei
625 793 778 830 denarii
800 806 1023 842 repensum.
1077 793 1212 830 multis
1227 796 1306 831 iam
1321 797 1432 832 annis

255 855 293 888 in
327 865 374 888 ea
408 858 516 888 terra
551 866 629 889 non
663 854 877 895 invenitur,
906 854 1094 902 quoniam
1132 852 1331 902 publicani
1365 857 1430 904 qui

254 924 399 960 pascua
426 911 654 948 conducunt
683 913 810 948 maius
840 913 896 948 ita
927 910 1078 948 lucrum
1111 914 1331 950 sentientes
1364 913 1430 950 de—

254 970 494 1019 populantur
532 983 719 1020 pecorum
759 969 918 1019 pabulo.
977 983 1077 1007 unus
1115 973 1275 1008 omnino
1310 971 1432 1009 caulis

253 1035 386 1065 nostra
413 1032 604 1065 memoria
625 1035 807 1079 repertus
830 1028 977 1066 Neroni
1002 1031 1167 1079 principi
1192 1032 1331 1067 missus
1356 1037 1428 1068 est.

253 1091 283 1124 si
327 1088 486 1138 quando
527 1088 662 1125 incidit
703 1101 822 1138 pecus
862 1090 901 1124 in
935 1100 1048 1138 spem
1091 1088 1321 1133 nascentis‚²
1358 1088 1431 1127 hoe

251 1146 569 1196 deprehenditur
594 1150 729 1197 signo:
761 1160 833 1184 ove
860 1160 950 1183 cum
970 1147 1188 1184 comederit
1208 1148 1430 1186 dormiente

184 1212 225 1241 40
253 1209 448 1255 protinus,
475 1220 594 1255 capra
626 1211 876 1243 sternuente.
934 1205 1082 1257 diuque
1113 1209 1192 1244 iam
1221 1220 1298 1244 non
1324 1207 1429 1245 aliud

251 1265 301 1302 ad
334 1278 403 1301 nos
435 1265 636 1302 invehitur
670 1265 773 1302 laser
805 1278 925 1315 quam
960 1265 1066 1316 quod
1096 1267 1135 1302 in
1169 1265 1330 1304 Perside
1361 1273 1431 1305 aut

254 1323 391 1361 Media
421 1329 462 1361 et
492 1325 684 1361 Armenia
717 1327 906 1368 nascitur,
936 1324 1045 1375 large
1075 1325 1146 1362 sed
1174 1325 1299 1363 multo
1329 1326 1431 1363 infra

250 1383 527 1433 Cyrenaicum,
566 1383 605 1420 id
649 1395 807 1433 quoque
854 1383 1126 1421 adulteratum
1172 1387 1317 1422 cummi
1359 1392 1429 1423 aut

249 1445 460 1491 sacopenio
489 1448 558 1479 aut
593 1442 688 1479 faba
718 1441 860 1485 fracta,
890 1455 968 1492 quo
1001 1445 1129 1479 minus
1162 1443 1429 1481 omittendum

252 1501 408 1537 videtur
445 1501 488 1537 C.
526 1500 682 1537 Valerio
725 1501 782 1538 M.
819 1501 1021 1538 Herennio
1053 1514 1130 1539 cos.
1165 1501 1328 1552 Cyrenis
1361 1503 1429 1540 ad-

251 1566 364 1596 vecta
386 1559 551 1596 Romam
573 1559 730 1609 publice
752 1560 945 1610 laserpicii
966 1560 1098 1610 pondo
1113 1572 1200 1604 xxx,
1215 1559 1426 1599 Caesarem

250 1631 340 1655 vero
387 1619 624 1655 dictatorem
674 1621 786 1655 initio
835 1618 927 1656 belli
973 1619 1093 1656 civilis
1142 1622 1246 1657 inter
1287 1634 1425 1658 aurum

248 1684 540 1728 argentumque
555 1677 762 1728 protulisse
777 1690 825 1714 ex
840 1680 991 1714 aerario
1003 1677 1196 1728 laserpicii
1210 1679 1342 1729 pondo
1355 1692 1426 1718 MD.

292 1756 303 1774 ¹
327 1765 371 1786 an
389 1766 451 1786 usu
470 1756 561 1786 vitae
578 1755 625 1787 vel
642 1765 704 1786 usu
722 1755 853 1786 medico
869 1755 1134 1796 alimentisque?
1152 1756 1315 1798 Mayhoff.

288 1799 301 1818 ¹
323 1799 357 1829 in
379 1798 539 1840 silphium
563 1808 705 1830 nascens
729 1798 789 1838 (vel
809 1799 841 1829 in
863 1809 889 1829 s.
907 1798 989 1829 dum
1011 1800 1177 1840 pascitur)
1194 1800 1279 1832 coni.
1303 1799 1426 1833 Warm-

245 1841 366 1880 inqlon.
384 1841 539 1873 Fortasse
556 1843 589 1873 in
606 1841 737 1873 caulem
750 1842 932 1872 nascentis.

290 1951 304 1964 ⁰
331 1945 480 1987 Perhaps
503 1957 566 1977 our
591 1945 841 1982 ‘alexandere',
865 1945 929 1977 but
949 1956 1042 1978 more
1065 1945 1166 1987 likely
1189 1947 1311 1980 Ferula
1327 1948 1424 1990 tinqi-

251 1994 329 2020 Ιαπα
350 1990 416 2020 and
439 1991 480 2021 F.
503 1990 701 2021 near-marim
726 1988 847 2026 (which
871 1988 938 2020 still
960 1990 1051 2021 exist
1076 1991 1109 2021 in
1135 1989 1176 2021 N.
1205 1990 1332 2030 Africa)
1356 1992 1423 2024 and

252 2032 381 2063 related
397 2034 535 2074 speciem

241 2107 312 2140 444
