1486 2359
147 407 188 436 65

147 897 188 928 66

417 160 611 197 PLINY:
663 159 926 198 NATURAL
962 159 1199 198 HISTORY

214 275 238 299 a
263 261 396 300 radice
424 262 562 312 planta
591 268 632 299 et
660 262 859 299 avolsione
886 264 1140 312 proveniunt,
1166 261 1239 299 sed
1263 260 1331 299 illa
1357 263 1397 298 in

214 331 365 375 calidis,
383 332 499 368 sorba
518 334 557 368 in
576 331 727 382 frigidis
747 337 787 368 et
807 331 962 368 umidis.

266 401 359 438 XII.
391 401 543 438 Natura
571 407 613 438 et
639 401 838 450 plantaria
865 401 1155 438 demonstravit
1181 400 1398 438 multarum

214 471 399 508 arborum
412 472 424 494 ¹
436 471 632 508 radicibus
644 470 866 520 pullulante
878 470 1015 507 subole
1026 470 1150 507 densa
1162 476 1203 508 et
1215 472 1398 520 pariente

215 547 343 578 matre
358 554 456 591 quas
472 547 589 578 necet
605 554 613 576 :
643 543 726 577 eius
743 543 891 590 quippe
909 540 1048 578 umbra
1065 540 1183 577 turba
1198 539 1398 591 indigesta

214 613 422 661 premitur.
435 617 479 648 ut
493 613 533 647 in
545 610 679 654 lauris,
692 613 858 660 punicis,
870 609 1057 660 platanis,
1069 612 1229 653 cerasis,
1240 612 1377 660 prunis
1389 622 1399 653 ;

214 694 430 730 paucarum
467 683 507 717 in
542 679 615 717 hoc
651 693 800 731 genere
835 683 934 717 rami
971 686 1139 730 parcunt
1176 679 1317 724 suboli,
1351 685 1398 717 ut

216 751 410 790 ulmorum
453 750 770 801 palmarumque.
825 750 940 787 nullis
983 763 1076 787 vero
1116 749 1218 787 tales
1261 749 1399 800 pulluli

212 824 450 870 proveniunt.
485 823 557 857 nisi
593 834 760 871 quarum
795 820 946 858 radices
981 833 1116 857 amore
1149 819 1240 857 solis
1274 826 1398 870 atque

216 891 349 928 imbris·
377 894 416 928 in
443 904 597 928 summa
623 891 767 928 tellure
794 893 1031 941 spatiantur.
1086 892 1218 926 omnia
1245 903 1294 927 ea
1319 903 1399 927 non

214 964 352 998 statim
376 964 493 998 moris
517 967 578 998 est
601 963 640 997 in
663 974 733 997 suo
756 960 838 997 solo
853 959 869 983 ²
891 959 1010 997 locari
1032 959 1104 997 sed
1125 962 1232 1010 prius
1256 962 1398 998 nutrici

215 1031 299 1067 dari
351 1037 475 1081 atque
527 1033 567 1067 in
617 1033 838 1067 seminariis
890 1029 1119 1067 adolescere
1170 1031 1398 1080 iterumque

215 1103 401 1150 migrare,
417 1103 483 1150 qui
500 1102 690 1137 transitus
707 1102 850 1136 mirum
866 1102 905 1136 in
921 1099 1082 1136 modum
1098 1101 1259 1149 mitigat
1275 1101 1398 1136 etiam

215 1170 429 1214 silvestres,
454 1173 534 1207 sive
560 1170 744 1207 arborum
771 1183 930 1220 quoque
956 1175 1000 1206 ut
1025 1168 1231 1206 hominum
1256 1174 1399 1206 natura

216 1243 404 1277 novitatis
419 1253 465 1277 ac
481 1242 812 1290 peregrinationis
827 1239 943 1276 avida
959 1245 1034 1283 est,
1048 1241 1130 1276 sive
1146 1238 1399 1276 discedentes

216 1312 319 1346 virus
356 1309 553 1346 relincunt
583 1309 678 1347 dum
715 1309 836 1346 radici
873 1308 1057 1346 avellitur
1092 1307 1263 1359 planta,3
1288 1321 1399 1346 man-

215 1385 484 1429 suescuntque
508 1385 686 1416 tractatu
709 1392 783 1416 ceu
806 1378 929 1416 ferae.

266 1449 382 1486 XIII.
413 1449 464 1486 Et
490 1449 597 1487 aliud
621 1462 747 1499 genus
772 1448 898 1486 simile
922 1451 1174 1493 monstravit,
1197 1447 1399 1499 avolsique

172 1527 188 1556 7
217 1520 421 1556 arboribus
455 1519 629 1556 stolones
663 1522 820 1562 vixere3
867 1532 946 1569 quo
979 1521 1019 1555 in
1051 1531 1201 1569 genere
1234 1524 1277 1556 et
1307 1532 1398 1556 cum

216 1603 340 1639 perna
372 1602 442 1626 sua
475 1589 700 1626 avelluntur
731 1594 970 1640 partemque
1002 1587 1175 1639 aliquam
1208 1601 1230 1626 e
1261 1591 1398 1626 matris

218 1672 376 1709 quoque
408 1672 571 1709 corpore
604 1658 792 1696 auferunt
823 1672 959 1696 secum
992 1658 1191 1696 fimbriato
1221 1671 1397 1709 corpore.

218 1728 291 1765 hoc
327 1729 445 1766 modo
480 1728 715 1778 plantantur
750 1731 933 1778 punicae,
967 1728 1104 1779 coryli,
1139 1727 1246 1771 mali,
1281 1727 1398 1772 sorbi,

218 1798 423 1848 mespilae,
449 1798 607 1842 fraxini,
633 1798 693 1836 fici
719 1801 758 1835 in
784 1800 999 1849 primisque
1025 1800 1148 1842 vites3
1185 1803 1397 1835 cotoneum

219 1871 274 1905 ita
321 1874 454 1905 satum
503 1868 739 1919 degenerat.
794 1881 843 1905 ex
893 1867 1035 1906 eodem
1083 1870 1290 1906 inventum
1336 1873 1398 1906 est

388 1957 398 1976 ¹
422 1956 581 1988 arborum
597 1956 673 1988 add.
689 1956 868 1988 Rackham.

385 2000 398 2019 ²
420 2010 481 2031 suo
498 1999 610 2039 (solo)
623 2002 637 2031 7
655 1999 812 2040 Maylwff
823 2011 830 2031 :
854 2009 917 2031 suo
931 2005 990 2031 aut
1004 2009 1076 2031 sua.

384 2044 395 2062 ³
419 2043 501 2074 dum
527 2067 535 2075 .
561 2067 569 2075 .
595 2067 602 2075 .
627 2042 747 2085 planta
762 2043 839 2075 hic?
858 2041 1028 2083 Mayhoff:
1053 2047 1124 2083 pos!
1141 2041 1240 2074 ferae.

218 2088 265 2132 46
