1486 2359
131 471 172 500 98

129 986 171 1016 99

109 1308 168 1338 100

408 166 574 204 PLINY
589 180 598 204 ε
641 166 904 204 NATURAL
940 166 1177 204 HISTORY

198 274 349 308 semine
363 273 512 320 priores
525 270 794 314 tradiderunt,
808 270 879 308 sed
893 272 935 307 in
949 269 1218 308 Praenestinis
1231 274 1382 322 campis

199 341 340 385 sponte
367 341 596 379 nascuntur,
621 347 668 372 ac
692 337 778 372 sine
803 334 922 372 modo
948 337 1073 373 etiam
1100 338 1142 372 in
1168 335 1382 374 Remorum

198 402 310 436 arvis.

249 463 399 501 XXXI.
429 463 654 501 Hortensiis
684 463 866 501 omnibus
895 463 981 502 fere
1010 463 1192 515 singulae
1216 464 1383 510 radices,

200 535 244 565 ut
271 528 462 578 raphano,
491 529 626 572 betae,
646 531 751 578 apio,
772 528 949 572 malvae3
977 528 1218 578 amplissima
1246 534 1382 567 autem

196 592 374 643 lapatho,
400 599 444 630 ut
470 605 574 643 quae
599 592 820 630 descendat
846 593 899 630 ad
921 595 1001 630 tria
1024 593 1382 631 cubita—silvestri

198 660 421 694 minor—et
445 657 594 701 umida,
619 656 759 694 effossa
784 670 944 708 quoque
968 657 1036 694 diu
1059 660 1167 694 vivit.
1223 658 1382 708 quibus-

197 722 291 759 dam
318 728 457 758 tamen
484 721 713 771 capillatae,
742 727 787 759 ut
816 724 920 772 apio,
948 721 1116 766 malvae,
1145 721 1382 773 quibusdam

197 786 437 829 surculosae,
470 792 515 823 ut
547 789 692 830 ocimo,
724 786 808 824 aliis
841 799 1047 831 carnosae,
1079 792 1124 824 ut
1155 786 1279 825 betae
1311 793 1381 825 aut

197 853 324 901 magis
354 853 577 887 etiamnum
606 864 734 895 croco,
763 850 903 901 aliquis
934 863 984 888 ex
1013 853 1161 888 cortice
1191 856 1234 888 et
1262 864 1382 889 carne

195 921 395 958 constant,
421 921 466 951 ut
491 914 682 965 raphano,
707 918 826 965 rapis,
852 915 1102 966 quorundam
1127 915 1383 966 geniculatae

197 985 304 1023 sunt,
323 985 367 1016 ut
386 982 587 1030 graminis.
644 993 749 1030 quae
767 985 920 1017 rectam
941 993 1019 1016 non
1037 978 1190 1017 habent
1208 979 1382 1018 radicem

196 1047 334 1081 statim
354 1043 531 1094 plurimis
552 1047 735 1081 nituntur
753 1044 1060 1094 capillamentis,
1081 1050 1126 1082 ut
1146 1044 1318 1095 atriplex
1339 1050 1382 1083 et

197 1109 363 1152 blitum;
383 1108 491 1146 scilla
517 1115 654 1146 autem
679 1115 721 1146 et
740 1108 851 1146 bulbi
876 1114 918 1146 et
942 1121 1066 1159 cepae
1091 1114 1134 1146 et
1157 1108 1278 1146 alium
1302 1123 1380 1147 non

198 1176 269 1210 nisi
292 1176 330 1209 in
352 1179 506 1210 rectum
528 1173 768 1210 radicantur.
823 1179 968 1223 sponte
988 1176 1239 1211 nascentium
1260 1187 1382 1224 quae-

196 1237 289 1275 dam
317 1240 585 1274 numerosiora
606 1244 699 1274 sunt
730 1237 864 1275 radice
885 1251 1007 1288 quam
1029 1237 1137 1281 folio,
1159 1243 1204 1275 ut
1227 1237 1381 1288 spalax,

194 1302 428 1352 perdicium,
464 1315 633 1339 crocum.
690 1301 832 1339 florent
868 1302 1111 1340 confertim²
1147 1302 1378 1352 serpullum,

196 1366 475 1410 habrotonum,
501 1369 607 1416 napi,
633 1365 812 1416 raphani,
838 1372 990 1411 menta,
1015 1372 1120 1404 ruta.
1176 1372 1218 1404 et
1243 1372 1379 1404 cetera

197 1431 373 1481 quidem,
401 1444 491 1468 cum
519 1444 702 1480 coepere,
730 1430 1011 1475 deflorescunt,
1038 1433 1211 1468 ocimum
1239 1437 1377 1469 autem

196 1495 467 1545 particulatim
483 1501 525 1532 et
540 1495 591 1531 ab
606 1498 684 1532 imo
699 1498 850 1545 incipit,
866 1509 945 1546 qua
959 1495 1010 1533 de
1023 1508 1143 1533 causa
1157 1495 1379 1534 diutissime

197 1560 324 1596 floret.
379 1559 451 1596 hoc
474 1565 515 1596 et
538 1562 576 1595 in
599 1559 834 1609 heliotropio
855 1559 980 1597 herba
1002 1562 1147 1597 evenit.
1203 1559 1272 1597 flos
1293 1559 1378 1597 aliis

195 1624 401 1668 candidus,
419 1623 503 1660 aliis
522 1623 667 1668 luteus,
685 1624 769 1661 aliis
787 1637 1021 1674 purpureus.
1077 1623 1170 1661 folia
1187 1624 1337 1662 cadunt
1355 1637 1378 1661 a

195 1689 464 1725 cacuminibus
510 1691 688 1739 origano,
734 1688 866 1726 inulae
913 1695 955 1726 et
1001 1688 1216 1739 aliquando
1262 1694 1377 1726 rutae

196 1755 337 1790 iniuria
357 1753 502 1790 laesae.
544 1755 717 1790 maxime
738 1766 911 1790 concava
931 1759 1024 1790 sunt
1044 1766 1182 1803 cepae,
1202 1756 1325 1804 getio.

344 1839 354 1857 ¹
380 1838 559 1869 confertim
576 1848 592 1870 e
611 1837 773 1878 Theophr.
791 1838 966 1870 Bodaeua:
993 1848 1070 1870 cum
1088 1838 1232 1870 fraxino.

239 1959 253 1973 ·
274 1955 405 1994 Apium
420 1954 492 1985 also
509 1953 658 1986 includes
674 1953 795 1995 oelery,
812 1953 879 1985 and
896 1954 991 1986 often
1008 1964 1123 1986 means
1139 1954 1216 1986 that
1231 1953 1340 1995 plant.

193 1997 426 2071 ‘intuitineadow
450 1998 576 2029 saffron
592 2000 605 2027 ’ἰ
630 1997 822 2029 Per-dicium
842 1997 954 2029 would
978 1997 1019 2028 be
1042 1997 1250 2038 Polyqonum
1270 1998 1373 2030 man·-

193 2103 264 2147 484
