1486 2359
93 321 152 352 13ss

94 903 152 935 137

98 1415 159 1447 138

99 1705 159 1737 139

381 137 572 176 PLINY:
623 138 887 176 NATURAL
924 137 1161 176 HISTORY

180 249 268 293 post
293 241 524 280 seeundum.
578 247 775 279 cretosam
804 247 965 279 tantum
993 241 1255 291 limosamque
1276 239 1362 278 odit

179 323 219 353 et
262 318 299 352 in
340 314 398 351 his
439 328 516 351 non
556 317 750 364 provenit.
805 320 1052 351 maceratum
1091 313 1219 351 calida
1258 326 1362 364 aqua

181 387 327 425 homini
350 400 509 438 quoque
530 390 570 424 in
590 387 678 425 cibo
699 393 782 431 est;
818 400 910 424 nam
931 387 1074 424 bovem
1097 399 1219 423 unum
1241 384 1361 423 modii

179 460 323 509 singuli
347 463 497 497 satiant
521 459 776 510 validumque
805 465 1029 510 praestant,
1053 459 1214 510 quando
1238 461 1362 496 etiam

179 536 392 583 inpositum
440 546 651 582 puerorum
699 532 903 569 ventribus
924 535 926 538 '
949 545 1019 582 pro
1065 531 1242 569 remedio
1288 536 1363 568 est.

179 606 295 644 condi
321 609 360 643 in
387 605 496 642 fumo
522 608 696 642 maxime
722 608 922 645 convenit,
949 607 1136 655 quoniam
1163 607 1203 641 in
1230 603 1366 641 umido

182 678 380 716 vermiculi
419 678 648 715 umbilicum
685 680 768 715 eius
806 680 847 715 in
881 677 1136 715 sterilitatem
1172 681 1364 714 castrant.

181 754 211 788 si
231 752 442 802 depastum
462 754 512 788 sit
531 754 570 788 in
590 750 743 795 fronde,
762 753 905 787 inarari
925 753 1103 801 protinus
1122 749 1248 787 solum
1267 761 1365 799 opus

182 832 255 862 est.

231 897 438 934 XXXVII.
470 897 522 934 Et
565 899 662 934 vicia
705 899 973 947 pinguescunt
1015 908 1122 939 arva,
1166 908 1238 932 nec
1281 897 1365 945 ipsa

182 970 360 1022 agricolis
391 983 578 1020 operosa:
624 983 702 1006 uno
733 969 840 1007 sulco
870 975 959 1006 sata
991 983 1069 1006 non
1099 971 1257 1013 saritur,
1288 981 1366 1005 non

179 1050 434 1088 stercoratur,
455 1057 528 1080 nec
548 1042 655 1080 aliud
675 1056 797 1094 quam
816 1042 1044 1080 deoccatur.
1099 1043 1262 1079 sationis
1283 1043 1366 1078 eius

181 1119 258 1154 tria
292 1123 496 1166 tempora:
529 1118 631 1153 circa
660 1128 842 1153 occasum
874 1115 1048 1159 Arcturi,
1076 1120 1121 1151 ut
1152 1113 1367 1152 Decembri

184 1203 322 1228 mense
351 1195 629 1240 pascat—tum
659 1191 810 1239 optime
837 1190 980 1226 seritur
1003 1190 1042 1225 in
1065 1199 1217 1231 semen,
1239 1199 1368 1238 aeque

184 1276 358 1313 namque
379 1262 458 1299 fert
479 1262 671 1312 depasta;
706 1261 882 1299 secunda
902 1263 1005 1298 satio
1026 1273 1163 1297 mense
1185 1259 1369 1297 Ianuario

182 1342 257 1379 est,
290 1337 499 1372 novissima
534 1334 699 1378 Martio,
729 1339 817 1371 tum
851 1333 902 1370 ad
933 1332 1114 1370 frondem
1148 1332 1367 1369 utilissima.

184 1411 406 1446 siccitatem
429 1421 478 1445 ex
501 1408 683 1444 omnibus
707 1420 810 1458 quae
832 1413 1019 1444 seruntur
1040 1408 1214 1443 maxime
1237 1410 1369 1449 amat3

185 1495 263 1519 non
291 1486 527 1530 aspernatur
553 1483 676 1517 etiam
704 1480 902 1517 umbrosa.
958 1492 1008 1517 ex
1035 1481 1186 1516 semine
1214 1480 1312 1522 eius,
1337 1479 1368 1515 si

188 1557 290 1591 lecta
319 1560 477 1591 matura
507 1559 582 1597 est,
611 1552 728 1603 palea
756 1555 899 1590 ceteris
931 1551 1168 1602 praefertur.
1223 1550 1369 1588 vitibus

186 1629 376 1678 praeripit
390 1639 527 1664 sucum
547 1625 907 1677 languescuntque,
920 1627 952 1663 si
972 1627 1013 1662 in
1025 1625 1188 1662 arbusto
1200 1629 1367 1662 seratur.

236 1699 469 1737 XXXVIII.
499 1698 584 1736 Nec
600 1700 680 1735 ervi
695 1711 862 1749 operosa
875 1710 969 1735 cura
985 1704 1058 1735 est.
1112 1695 1186 1734 hoc
1201 1696 1369 1747 amplius

187 1786 307 1824 quam
349 1774 448 1809 vicia
486 1776 689 1815 runcatur,
729 1776 771 1809 et
810 1773 940 1821 ipsum
980 1769 1251 1808 medicaminis
1290 1771 1369 1807 vim

187 1847 386 1893 optinens,
419 1846 567 1894 quippe
607 1843 716 1893 quo¹
753 1842 886 1881 divom
925 1842 1155 1893 Augustum
1186 1846 1368 1880 curatum

188 1917 367 1968 epistulis
399 1919 521 1968 ipsius
553 1918 744 1954 memoria
778 1921 924 1953 exstet.
978 1915 1175 1953 sufficiunt
1207 1913 1369 1966 sing-ulis

635 2013 646 2033 ¹
676 2011 830 2045 Urlichs:
854 2022 944 2045 cum.

187 2067 257 2114 276
