1486 2359
432 170 595 207 PLINY
612 184 620 207 :
664 171 927 208 NATURAL
965 171 1000 207 H
1009 170 1199 208 ISTORY

224 276 307 311 eius
330 276 452 310 etiam
475 286 546 323 pro
568 273 834 323 pulmentario
857 277 895 310 in
917 274 1077 324 patellis
1100 274 1283 312 decoctil
1305 277 1405 312 citra

223 343 470 380 intellectum
514 345 776 387 acrimoniae;
831 350 1024 381 cocuntur
1066 350 1108 381 et
1152 343 1260 387 folia,
1303 347 1404 381 sicut

223 412 463 463 reliquorum
501 411 665 450 olerum.
720 419 813 450 sunt
852 419 989 450 autem
1027 416 1148 450 trium
1187 426 1404 463 generum:

224 495 346 519 unum
385 482 546 532 gracile,
583 482 754 519 alterum
793 483 918 519 simile
959 485 1042 531 rapi
1082 482 1199 526 foliis,
1236 485 1403 520 tertium

224 564 378 588 erucae.
433 565 569 589 semen
595 555 791 601 optimum
819 553 1078 602 Aegyptium.
1135 552 1404 590 Athenienses

223 634 331 672 napy
352 621 668 671 appellaverunt,
689 621 753 658 alii
775 621 952 672 thlaspi‚²
976 622 1041 658 alii
1064 625 1234 660 saurion.

149 695 208 726 172
274 690 354 728 LV.
386 691 565 742 Serpyllo
581 697 623 729 et
637 692 845 742 sisymbrio
866 698 1021 729 montes
1037 692 1217 742 plerique
1233 698 1406 737 scatent,

136 1115 195 1147 173

222 763 323 798 sicut
335 760 548 805 Threciae3
579 761 740 812 itaque³
756 761 945 799 deferunt
962 774 1010 798 ex
1027 761 1085 798 his
1104 762 1256 799 avulsos
1275 775 1405 799 ramos

223 837 455 881 serumque,
474 834 572 868 item
591 830 759 881 Sicyone
779 844 829 868 ex
848 834 926 868 suis
947 832 1147 869 montibus
1168 838 1210 869 et
1232 831 1402 870 Athenis

224 914 274 938 ex
308 900 518 951 Hymetto.
581 901 695 938 simili
733 901 851 939 modo
889 907 932 938 et
964 902 1217 952 sisymbrium
1252 908 1405 946 serunt,

223 970 483 1008 laetissimum
505 974 681 1008 nascitur
701 973 741 1008 in
762 977 976 1021 puteorum
997 971 1217 1021 parietibus
1240 977 1283 1009 et
1303 974 1406 1009 circa

223 1043 391 1090 piscinas
408 1054 452 1078 ac
469 1047 625 1092 stagna.

274 1109 378 1147 LVI.
408 1110 575 1161 Reliqua
595 1116 687 1148 sunt
703 1110 891 1148 ferulacei
908 1113 1080 1161 generis,
1095 1124 1169 1148 ceu
1185 1110 1406 1149 feniculum

222 1181 432 1231 anguibus,
469 1186 513 1218 ut
550 1181 734 1225 diximus,
770 1183 1054 1231 gratissimum,
1091 1181 1143 1218 ad
1179 1180 1407 1219 condienda

222 1250 391 1300 plurima
428 1264 518 1287 cum
555 1253 702 1288 inaruit
736 1250 863 1293 utile‚⁴¹
896 1253 1012 1301 eique
1044 1263 1237 1301 perquam
1269 1250 1407 1288 similis

221 1319 393 1370 thapsia,
406 1319 456 1357 de
471 1333 549 1370 qua
562 1319 732 1357 diximus
747 1322 852 1357 inter
866 1325 1054 1357 externos
1068 1319 1246 1363 frutices,
1259 1319 1405 1358 deinde

223 1389 430 1427 utilissima
453 1389 612 1427 funibus
635 1390 836 1427 cannabis.
892 1392 1036 1427 seritur
1059 1403 1082 1426 a
1106 1389 1286 1433 favonio;
1325 1403 1404 1440 quo

223 1459 381 1497 densior
399 1465 460 1497 est
480 1472 527 1497 eo
545 1462 731 1496 tenerior.
786 1472 924 1497 semen
949 1462 1047 1502 eius,
1073 1472 1164 1496 cum
1189 1465 1250 1496 est
1273 1465 1404 1496 matu-

222 1541 324 1573 rum,
340 1529 390 1565 ab
412 1531 664 1579 aequinoctio
687 1531 867 1566 autumni
888 1528 1152 1578 destringitur
1172 1534 1214 1566 et
1236 1527 1319 1566 sole
1335 1534 1405 1565 aut

224 1604 343 1636 vento
364 1604 434 1635 aut
454 1597 563 1635 fumo
583 1601 765 1636 siccatur.
821 1600 906 1648 ipsa
926 1598 1115 1635 cannabis
1137 1597 1296 1636 vellitur
1315 1603 1405 1648 post

224 1668 464 1705 vindemiam
489 1681 534 1704 ac
560 1667 898 1705 lucubrationibus
924 1667 1171 1704 decorticata
1195 1673 1403 1718 purgatur.

137 1742 197 1773 174
223 1740 373 1788 optima
394 1736 655 1782 Alabandica,
675 1736 885 1787 plagarum
905 1739 1119 1787 praecipue
1140 1736 1287 1773 usibus.
1328 1737 1407 1774 tria

226 1809 310 1844 eius
342 1807 396 1844 ibi
427 1819 599 1857 genera:
647 1806 880 1856 inprobatur
911 1808 1047 1843 cortici
1080 1807 1304 1855 proximum
1336 1811 1407 1844 aut

443 1913 452 1930 ¹
477 1911 669 1942 Rackham:
695 1910 846 1943 decocto.

440 1956 452 1973 '·'
476 1954 672 1986 Hardouin:
698 1954 823 1996 thapsi.

439 1997 451 2015 ³
476 1997 633 2038 Mayhoff
644 2009 650 2028 :
676 2001 806 2038 utaque
820 2001 878 2027 aut
894 1997 1013 2038 utique
1028 2001 1087 2028 aul
1101 1996 1178 2028 eim.

440 2041 450 2059 ⁸
475 2040 558 2072 utile
573 2041 649 2072 add.
663 2043 676 2072 ἲ
696 2040 858 2080 Mayhoff.

228 2113 298 2150 530
