1486 2359
158 573 198 602 83

157 1131 197 1162 84

156 1691 197 1721 85

437 185 601 222 PLINY
617 199 625 222 ι
669 185 931 222 NATURAL
969 186 1003 222 H
1012 186 1204 223 ISTORY

225 288 407 325 omnibus
426 294 561 325 autem
580 289 792 338 probandis
810 291 984 326 maxime
1002 295 1237 338 spectantur
1253 289 1410 334 caules3

226 360 424 394 inmitium
466 361 571 395 enim
611 359 860 396 rotundiores
900 361 1190 410 crassioresque
1230 366 1323 397 sunt.
1363 373 1408 398 ac

226 427 352 477 longis
392 428 611 472 canalibus,
654 428 748 466 folia
788 431 873 478 ipsa
913 429 1131 479 crispioral
1172 435 1215 467 et
1255 429 1408 480 angulis

226 496 396 534 horrida.

276 567 359 604 Seri
378 567 460 604 vult
478 567 679 617 raphanus
696 573 804 605 terra
822 568 966 611 soluta,
984 568 1141 612 umida;
1173 568 1307 607 fimum
1326 569 1409 607 odit

224 637 339 687 palea
357 643 570 674 contentus
585 651 592 674 :
624 637 769 688 frigore
787 638 889 675 adeo
905 638 1058 687 gaudet
1077 645 1120 676 ut
1138 641 1176 675 in
1195 639 1408 676 Germania

225 706 438 743 infantium
465 720 678 756 puerorum
705 708 1025 757 magnitudinem
1052 714 1212 758 aequet.
1267 711 1410 746 seritur

225 782 313 825 post
353 776 404 813 id.
438 777 532 813 Feb.
573 783 617 814 ut
657 791 798 814 vernus
830 780 895 821 sit,
926 780 1153 827 iterumque
1183 780 1285 815 cirea
1317 777 1409 814 Vul-

223 846 391 889 canalia,
411 860 515 896 quae
534 849 638 884 satio
657 847 818 890 melior3
853 847 968 884 multi
988 854 1029 884 et
1054 847 1202 885 Martio
1222 854 1264 885 et
1285 848 1407 898 Aprili

224 922 361 953 serunt
385 922 427 953 et
449 915 689 966 Septembri.
746 919 962 966 incipiente
985 920 1232 955 incremento
1254 917 1409 955 confert

224 985 379 1023 alterna
407 985 499 1022 folia
527 987 861 1030 circumobruere,
889 990 992 1037 ipsos
1020 1000 1113 1024 vero
1140 987 1409 1031 adcumulare,

225 1069 316 1093 nam
338 1059 403 1106 qui
427 1063 541 1093 extra
562 1063 712 1093 terram
735 1059 898 1094 emersit
918 1057 1039 1094 durus
1061 1057 1105 1094 fit
1125 1063 1248 1107 atque
1270 1057 1409 1109 fungo-

224 1140 300 1163 sus.
357 1126 656 1163 Aristomachus
688 1126 846 1164 detrahi
871 1127 964 1164 folia
994 1140 1066 1177 per
1094 1126 1266 1164 hiemem
1298 1128 1409 1166 iubet

225 1202 266 1233 et
296 1209 345 1233 ne
375 1196 541 1233 lacunae
570 1203 761 1247 stagnent
782 1196 1048 1241 accumulari3
1076 1199 1134 1234 ita
1162 1199 1202 1234 in
1222 1198 1409 1235 aestate²

223 1266 499 1316 grandescere.
556 1267 718 1316 quidam
770 1267 996 1316 prodidere,
1045 1269 1075 1304 si
1125 1266 1216 1317 palo
1265 1267 1409 1305 adacto

223 1349 392 1372 caverna
420 1335 535 1385 palea
566 1339 812 1373 insternatur
839 1350 910 1373 sex
939 1336 1153 1387 digitorum
1183 1336 1408 1381 altitudine,

224 1405 369 1442 deinde
390 1408 587 1442 inseratur
605 1419 743 1442 semen
761 1406 777 1429 ³
797 1406 1014 1456 fimumque
1035 1412 1077 1443 et
1094 1412 1203 1444 terra
1221 1420 1408 1457 congera-

223 1481 302 1518 tur,
335 1475 385 1511 ad
419 1475 737 1524 magnitudinem
771 1476 917 1512 scrobis
950 1488 1139 1513 crescere.
1194 1478 1407 1526 praecipue

225 1550 361 1581 tamen
398 1544 508 1581 salsis
547 1545 729 1588 aluntur;
780 1548 917 1595 itaque
955 1547 1077 1582 etiam
1114 1545 1260 1583 talibus
1296 1548 1407 1597 aquis

224 1617 418 1665 rigantur,
447 1621 489 1652 et
518 1617 556 1652 in
586 1616 775 1665 Aegypto
805 1618 910 1652 nitro
938 1621 1193 1666 sparguntur,
1222 1616 1287 1653 ubi
1315 1623 1407 1655 sunt

224 1687 424 1721 suavitate
470 1687 686 1734 praecipui.
742 1688 781 1721 in
826 1691 957 1722 totum
1005 1699 1164 1736 quoque
1209 1685 1406 1736 salsugine

224 1754 449 1791 amaritudo
482 1767 619 1791 eorum
653 1757 841 1791 eximitur
874 1755 1054 1805 fiuntque
1085 1757 1207 1792 coctis
1239 1755 1406 1799 similes;

224 1837 397 1873 namque
431 1830 473 1861 et
505 1827 607 1861 cocti
640 1824 873 1867 dulcescunt
907 1831 949 1861 et
982 1827 1021 1861 in
1055 1838 1249 1874 naporum
1281 1827 1406 1863 vicem

222 1899 444 1930 transeunt.

277 1980 287 1998 ¹
312 1980 473 2020 crispiora
491 1979 551 2018 (vel
568 1979 790 2020 hirsutiora)?
811 1979 966 2021 Mayhoff
977 1992 984 2011 :
1010 1980 1171 2012 tristiora.

276 2024 287 2041 ²
309 2023 357 2053 τά.
376 2023 455 2054 Par.
474 2023 546 2054 Lat.
564 2023 650 2054 6797
668 2022 715 2063 (ἐν
729 2025 775 2062 τῷ
792 2022 876 2063 θέρει
895 2023 1071 2063 Theophr.)
1087 2035 1094 2055 ε
1119 2026 1287 2055 aestatem
1304 2022 1372 2056 rell.

274 2066 286 2085 ³
310 2066 478 2097 Rackham
494 2078 501 2097 ε
527 2066 648 2097 deinde
665 2067 699 2097 in
715 2075 840 2098 semen.

223 2122 293 2157 474
