<?xml version="1.0" encoding="UTF-8"?>
<!DOCTYPE html PUBLIC "-//W3C//DTD XHTML 1.0 Transitional//EN"
    "http://www.w3.org/TR/xhtml1/DTD/xhtml1-transitional.dtd">
<html xmlns="http://www.w3.org/1999/xhtml" xml:lang="en" lang="en">
 <head>
  <title>
</title>
<meta http-equiv="Content-Type" content="text/html;charset=utf-8" />
  <meta name='ocr-system' content='tesseract 3.04.00' />
  <meta name='ocr-capabilities' content='ocr_page ocr_carea ocr_par ocr_line ocrx_word'/>
</head>
<body>
  <div class='ocr_page' id='page_1' title='image "./naturalhistory05plinuoft/naturalhistory05plinuoft_0424.png"; bbox 0 0 1486 2359; ppageno 0'>
   <div class='ocr_carea' id='block_1_1' title="bbox 140 302 203 334">
    <p class='ocr_par' dir='ltr' id='par_1_1' title="bbox 140 302 203 334">
     <span class='ocr_line' id='line_1_1' title="bbox 140 302 203 334; baseline 0 -1"><span class='ocrx_word' id='word_1_1' title='bbox 140 302 203 334; x_wconf 83' lang='lat'>363</span> 
     </span>
    </p>
   </div>
   <div class='ocr_carea' id='block_1_2' title="bbox 140 855 203 886">
    <p class='ocr_par' dir='ltr' id='par_1_2' title="bbox 140 855 203 886">
     <span class='ocr_line' id='line_1_2' title="bbox 140 855 203 886; baseline -0.032 0"><span class='ocrx_word' id='word_1_2' title='bbox 140 855 203 886; x_wconf 72' lang='lat'>354</span> 
     </span>
    </p>
   </div>
   <div class='ocr_carea' id='block_1_3' title="bbox 143 1470 206 1501">
    <p class='ocr_par' dir='ltr' id='par_1_3' title="bbox 143 1470 206 1501">
     <span class='ocr_line' id='line_1_3' title="bbox 143 1470 206 1501; baseline -0.016 0"><span class='ocrx_word' id='word_1_3' title='bbox 143 1470 206 1501; x_wconf 89' lang='lat'>355</span> 
     </span>
    </p>
   </div>
   <div class='ocr_carea' id='block_1_4' title="bbox 444 192 1211 231">
    <p class='ocr_par' dir='ltr' id='par_1_4' title="bbox 444 192 1211 231">
     <span class='ocr_line' id='line_1_4' title="bbox 444 192 1211 231; baseline 0.003 -2"><span class='ocrx_word' id='word_1_4' title='bbox 444 192 633 230; x_wconf 84' lang='lat' dir='ltr'>PLINY:</span> <span class='ocrx_word' id='word_1_5' title='bbox 675 193 938 231; x_wconf 87' lang='lat' dir='ltr'>NATURAL</span> <span class='ocrx_word' id='word_1_6' title='bbox 974 194 1211 231; x_wconf 89' lang='lat' dir='ltr'>HISTORY</span> 
     </span>
    </p>
   </div>
   <div class='ocr_carea' id='block_1_5' title="bbox 229 297 1418 1946">
    <p class='ocr_par' dir='ltr' id='par_1_5' title="bbox 229 297 1416 838">
     <span class='ocr_line' id='line_1_5' title="bbox 229 297 1413 346; baseline 0.003 -13"><span class='ocrx_word' id='word_1_7' title='bbox 229 299 329 334; x_wconf 87' lang='lat' dir='ltr'>tium</span> <span class='ocrx_word' id='word_1_8' title='bbox 371 297 546 346; x_wconf 81' lang='lat' dir='ltr'>aliquam</span> <span class='ocrx_word' id='word_1_9' title='bbox 586 297 690 333; x_wconf 88' lang='lat' dir='ltr'>orbis</span> <span class='ocrx_word' id='word_1_10' title='bbox 731 297 966 340; x_wconf 80' lang='lat' dir='ltr'>incluserit,¹</span> <span class='ocrx_word' id='word_1_11' title='bbox 1007 298 1186 335; x_wconf 89' lang='lat' dir='ltr'><strong>imbrem.</strong></span> <span class='ocrx_word' id='word_1_12' title='bbox 1241 304 1335 336; x_wconf 81' lang='lat' dir='ltr'>sunt</span> <span class='ocrx_word' id='word_1_13' title='bbox 1374 301 1413 336; x_wconf 91' lang='lat' dir='ltr'>in</span> 
     </span>
     <span class='ocr_line' id='line_1_6' title="bbox 230 358 1415 409; baseline 0.003 -16"><span class='ocrx_word' id='word_1_14' title='bbox 230 362 342 404; x_wconf 62' lang='lat' dir='ltr'>signo</span> <span class='ocrx_word' id='word_1_15' title='bbox 374 361 505 395; x_wconf 88' lang='lat' dir='ltr'>cancri</span> <span class='ocrx_word' id='word_1_16' title='bbox 538 358 642 395; x_wconf 85' lang='lat' dir='ltr'>duae</span> <span class='ocrx_word' id='word_1_17' title='bbox 675 358 818 395; x_wconf 87' lang='lat' dir='ltr'>stellae</span> <span class='ocrx_word' id='word_1_18' title='bbox 852 372 998 408; x_wconf 80' lang='lat' dir='ltr'>parvae</span> <span class='ocrx_word' id='word_1_19' title='bbox 1032 359 1141 396; x_wconf 80' lang='lat' dir='ltr'>aselli</span> <span class='ocrx_word' id='word_1_20' title='bbox 1174 360 1415 409; x_wconf 68' lang='lat' dir='ltr'>appellatae,</span> 
     </span>
     <span class='ocr_line' id='line_1_7' title="bbox 230 419 1413 471; baseline 0.003 -15"><span class='ocrx_word' id='word_1_21' title='bbox 230 423 420 470; x_wconf 75' lang='lat' dir='ltr'>exiguum</span> <span class='ocrx_word' id='word_1_22' title='bbox 437 422 543 456; x_wconf 88' lang='lat' dir='ltr'>inter</span> <span class='ocrx_word' id='word_1_23' title='bbox 557 419 644 456; x_wconf 88' lang='lat' dir='ltr'>illas</span> <span class='ocrx_word' id='word_1_24' title='bbox 661 422 838 470; x_wconf 89' lang='lat' dir='ltr'>spatium</span> <span class='ocrx_word' id='word_1_25' title='bbox 854 421 1064 457; x_wconf 71' lang='lat' dir='ltr'>obtinente</span> <span class='ocrx_word' id='word_1_26' title='bbox 1082 421 1277 457; x_wconf 84' lang='lat' dir='ltr'>nubecula</span> <span class='ocrx_word' id='word_1_27' title='bbox 1295 435 1413 471; x_wconf 85' lang='lat' dir='ltr'>quam</span> 
     </span>
     <span class='ocr_line' id='line_1_8' title="bbox 229 480 1414 532; baseline 0.003 -15"><span class='ocrx_word' id='word_1_28' title='bbox 229 484 437 531; x_wconf 82' lang='lat' dir='ltr'>praesepia</span> <span class='ocrx_word' id='word_1_29' title='bbox 455 481 661 531; x_wconf 86' lang='lat' dir='ltr'>appellant</span> <span class='ocrx_word' id='word_1_30' title='bbox 676 493 684 524; x_wconf 93' lang='grc'><strong>;</strong></span> <span class='ocrx_word' id='word_1_31' title='bbox 714 480 814 518; x_wconf 83' lang='lat' dir='ltr'>haec</span> <span class='ocrx_word' id='word_1_32' title='bbox 831 495 921 518; x_wconf 90' lang='lat' dir='ltr'>cum</span> <span class='ocrx_word' id='word_1_33' title='bbox 938 481 1049 518; x_wconf 88' lang='lat' dir='ltr'>caelo</span> <span class='ocrx_word' id='word_1_34' title='bbox 1065 495 1206 519; x_wconf 86' lang='lat' dir='ltr'>sereno</span> <span class='ocrx_word' id='word_1_35' title='bbox 1223 495 1414 532; x_wconf 86' lang='lat' dir='ltr'>apparere</span> 
     </span>
     <span class='ocr_line' id='line_1_9' title="bbox 229 541 1414 593; baseline 0.002 -14"><span class='ocrx_word' id='word_1_36' title='bbox 229 543 361 585; x_wconf 78' lang='lat' dir='ltr'>desiit,</span> <span class='ocrx_word' id='word_1_37' title='bbox 381 548 496 579; x_wconf 78' lang='lat' dir='ltr'>atrox</span> <span class='ocrx_word' id='word_1_38' title='bbox 520 541 646 579; x_wconf 90' lang='lat' dir='ltr'>hiems</span> <span class='ocrx_word' id='word_1_39' title='bbox 665 545 868 593; x_wconf 87' lang='lat' dir='ltr'>sequitur;</span> <span class='ocrx_word' id='word_1_40' title='bbox 901 545 932 579; x_wconf 85' lang='lat' dir='ltr'>si</span> <span class='ocrx_word' id='word_1_41' title='bbox 952 556 1044 580; x_wconf 80' lang='lat' dir='ltr'>vero</span> <span class='ocrx_word' id='word_1_42' title='bbox 1057 543 1072 566; x_wconf 87' lang='lat'><strong>²</strong></span> <span class='ocrx_word' id='word_1_43' title='bbox 1090 542 1258 580; x_wconf 89' lang='lat' dir='ltr'>alteram</span> <span class='ocrx_word' id='word_1_44' title='bbox 1278 556 1414 581; x_wconf 89' lang='lat' dir='ltr'>earum</span> 
     </span>
     <span class='ocr_line' id='line_1_10' title="bbox 229 603 1416 654; baseline 0.001 -14"><span class='ocrx_word' id='word_1_45' title='bbox 229 604 473 654; x_wconf 89' lang='lat' dir='ltr'>aquiloniam</span> <span class='ocrx_word' id='word_1_46' title='bbox 488 603 617 654; x_wconf 86' lang='lat' dir='ltr'>caligo</span> <span class='ocrx_word' id='word_1_47' title='bbox 633 604 814 648; x_wconf 91' lang='lat' dir='ltr'>abstulit,</span> <span class='ocrx_word' id='word_1_48' title='bbox 829 610 966 641; x_wconf 93' lang='lat' dir='ltr'>auster</span> <span class='ocrx_word' id='word_1_49' title='bbox 980 607 1121 648; x_wconf 78' lang='lat' dir='ltr'>saevit,</span> <span class='ocrx_word' id='word_1_50' title='bbox 1136 607 1167 641; x_wconf 86' lang='lat' dir='ltr'>si</span> <span class='ocrx_word' id='word_1_51' title='bbox 1183 607 1416 649; x_wconf 80' lang='lat' dir='ltr'>austrinam,</span> 
     </span>
     <span class='ocr_line' id='line_1_11' title="bbox 229 665 1416 716; baseline 0.001 -14"><span class='ocrx_word' id='word_1_52' title='bbox 229 665 374 715; x_wconf 84' lang='lat' dir='ltr'>aquilo.</span> <span class='ocrx_word' id='word_1_53' title='bbox 429 679 542 703; x_wconf 90' lang='lat' dir='ltr'>arcus</span> <span class='ocrx_word' id='word_1_54' title='bbox 571 679 661 702; x_wconf 87' lang='lat' dir='ltr'>cum</span> <span class='ocrx_word' id='word_1_55' title='bbox 691 672 785 703; x_wconf 87' lang='lat' dir='ltr'>sunt</span> <span class='ocrx_word' id='word_1_56' title='bbox 813 665 1006 715; x_wconf 85' lang='lat' dir='ltr'>duplices,</span> <span class='ocrx_word' id='word_1_57' title='bbox 1034 665 1186 716; x_wconf 84' lang='lat' dir='ltr'>pluvias</span> <span class='ocrx_word' id='word_1_58' title='bbox 1215 669 1416 711; x_wconf 89' lang='lat' dir='ltr'>nuntiant,</span> 
     </span>
     <span class='ocr_line' id='line_1_12' title="bbox 231 727 1415 777; baseline 0.002 -14"><span class='ocrx_word' id='word_1_59' title='bbox 231 741 251 763; x_wconf 89' lang='lat' dir='ltr'>a</span> <span class='ocrx_word' id='word_1_60' title='bbox 284 727 423 776; x_wconf 78' lang='lat' dir='ltr'>pluviis</span> <span class='ocrx_word' id='word_1_61' title='bbox 453 729 717 764; x_wconf 76' lang='lat' dir='ltr'>serenitatem</span> <span class='ocrx_word' id='word_1_62' title='bbox 748 741 827 764; x_wconf 89' lang='lat' dir='ltr'>non</span> <span class='ocrx_word' id='word_1_63' title='bbox 858 727 1024 777; x_wconf 86' lang='lat' dir='ltr'>perinde</span> <span class='ocrx_word' id='word_1_64' title='bbox 1054 733 1221 772; x_wconf 87' lang='lat' dir='ltr'>certam,</span> <span class='ocrx_word' id='word_1_65' title='bbox 1250 728 1415 765; x_wconf 83' lang='lat' dir='ltr'>circulus</span> 
     </span>
     <span class='ocr_line' id='line_1_13' title="bbox 231 788 975 838; baseline 0.001 -14"><span class='ocrx_word' id='word_1_66' title='bbox 231 789 344 824; x_wconf 67' lang='lat' dir='ltr'>nubis·</span> <span class='ocrx_word' id='word_1_67' title='bbox 364 791 466 825; x_wconf 82' lang='lat' dir='ltr'>circa</span> <span class='ocrx_word' id='word_1_68' title='bbox 486 788 616 825; x_wconf 85' lang='lat' dir='ltr'>sidera</span> <span class='ocrx_word' id='word_1_69' title='bbox 636 788 768 838; x_wconf 89' lang='lat' dir='ltr'>aliqua</span> <span class='ocrx_word' id='word_1_70' title='bbox 789 788 975 838; x_wconf 83' lang='lat' dir='ltr'>pluviam.</span> 
     </span>
    </p>

    <p class='ocr_par' dir='ltr' id='par_1_6' title="bbox 229 849 1418 1453">
     <span class='ocr_line' id='line_1_14' title="bbox 284 849 1415 901; baseline 0.002 -16"><span class='ocrx_word' id='word_1_71' title='bbox 284 849 467 886; x_wconf 80' lang='lat' dir='ltr'>LXXXI.</span> <span class='ocrx_word' id='word_1_72' title='bbox 523 849 623 887; x_wconf 89' lang='lat' dir='ltr'>Cum</span> <span class='ocrx_word' id='word_1_73' title='bbox 651 855 809 887; x_wconf 78' lang='lat' dir='ltr'>aestate</span> <span class='ocrx_word' id='word_1_74' title='bbox 836 849 1113 887; x_wconf 76' lang='lat' dir='ltr'>vehementius</span> <span class='ocrx_word' id='word_1_75' title='bbox 1139 853 1270 887; x_wconf 92' lang='lat' dir='ltr'>tonuit</span> <span class='ocrx_word' id='word_1_76' title='bbox 1297 863 1415 901; x_wconf 89' lang='lat' dir='ltr'>quam</span> 
     </span>
     <span class='ocr_line' id='line_1_15' title="bbox 230 910 1416 960; baseline 0.001 -13"><span class='ocrx_word' id='word_1_77' title='bbox 230 910 353 954; x_wconf 80' lang='lat' dir='ltr'>fulsit,</span> <span class='ocrx_word' id='word_1_78' title='bbox 376 917 516 947; x_wconf 73' lang='lat' dir='ltr'>ventos</span> <span class='ocrx_word' id='word_1_79' title='bbox 540 924 590 948; x_wconf 90' lang='lat' dir='ltr'>ex</span> <span class='ocrx_word' id='word_1_80' title='bbox 613 924 661 947; x_wconf 85' lang='lat' dir='ltr'>ea</span> <span class='ocrx_word' id='word_1_81' title='bbox 684 917 800 960; x_wconf 89' lang='lat' dir='ltr'>parte</span> <span class='ocrx_word' id='word_1_82' title='bbox 823 911 1053 955; x_wconf 82' lang='lat' dir='ltr'>denuntiat,</span> <span class='ocrx_word' id='word_1_83' title='bbox 1074 917 1212 948; x_wconf 83' lang='lat' dir='ltr'>contra</span> <span class='ocrx_word' id='word_1_84' title='bbox 1234 913 1266 948; x_wconf 88' lang='lat' dir='ltr'>si</span> <span class='ocrx_word' id='word_1_85' title='bbox 1288 914 1416 949; x_wconf 88' lang='lat' dir='ltr'>minus</span> 
     </span>
     <span class='ocr_line' id='line_1_16' title="bbox 230 972 1417 1023; baseline 0.002 -15"><span class='ocrx_word' id='word_1_86' title='bbox 230 975 377 1016; x_wconf 86' lang='lat' dir='ltr'>tonuit,</span> <span class='ocrx_word' id='word_1_87' title='bbox 395 973 576 1009; x_wconf 88' lang='lat' dir='ltr'>imbrem.</span> <span class='ocrx_word' id='word_1_88' title='bbox 631 986 722 1009; x_wconf 88' lang='lat' dir='ltr'>cum</span> <span class='ocrx_word' id='word_1_89' title='bbox 739 986 880 1010; x_wconf 89' lang='lat' dir='ltr'>sereno</span> <span class='ocrx_word' id='word_1_90' title='bbox 897 972 1008 1010; x_wconf 90' lang='lat' dir='ltr'>caelo</span> <span class='ocrx_word' id='word_1_91' title='bbox 1025 972 1224 1023; x_wconf 84' lang='lat' dir='ltr'>fulgetrae</span> <span class='ocrx_word' id='word_1_92' title='bbox 1241 979 1358 1010; x_wconf 89' lang='lat' dir='ltr'>erunt</span> <span class='ocrx_word' id='word_1_93' title='bbox 1376 980 1417 1011; x_wconf 87' lang='lat' dir='ltr'>et</span> 
     </span>
     <span class='ocr_line' id='line_1_17' title="bbox 231 1033 1417 1078; baseline 0.001 -8"><span class='ocrx_word' id='word_1_94' title='bbox 231 1037 426 1077; x_wconf 83' lang='lat' dir='ltr'>tonitrua,</span> <span class='ocrx_word' id='word_1_95' title='bbox 438 1033 648 1078; x_wconf 89' lang='lat' dir='ltr'>hiemabit,</span> <span class='ocrx_word' id='word_1_96' title='bbox 662 1037 906 1071; x_wconf 69' lang='lat' dir='ltr'>atrocissime</span> <span class='ocrx_word' id='word_1_97' title='bbox 920 1040 1056 1071; x_wconf 88' lang='lat' dir='ltr'>autem</span> <span class='ocrx_word' id='word_1_98' title='bbox 1069 1048 1158 1072; x_wconf 89' lang='lat' dir='ltr'>cum</span> <span class='ocrx_word' id='word_1_99' title='bbox 1174 1048 1223 1072; x_wconf 83' lang='lat' dir='ltr'>ex</span> <span class='ocrx_word' id='word_1_100' title='bbox 1236 1035 1417 1072; x_wconf 85' lang='lat' dir='ltr'>omnibus</span> 
     </span>
     <span class='ocr_line' id='line_1_18' title="bbox 231 1096 1417 1146; baseline 0.003 -15"><span class='ocrx_word' id='word_1_101' title='bbox 231 1102 425 1145; x_wconf 85' lang='lat' dir='ltr'>quattuor</span> <span class='ocrx_word' id='word_1_102' title='bbox 449 1096 630 1145; x_wconf 87' lang='lat' dir='ltr'>partibus</span> <span class='ocrx_word' id='word_1_103' title='bbox 650 1096 751 1133; x_wconf 86' lang='lat' dir='ltr'>caeli</span> <span class='ocrx_word' id='word_1_104' title='bbox 772 1096 1013 1146; x_wconf 87' lang='lat' dir='ltr'>fulgurabit;</span> <span class='ocrx_word' id='word_1_105' title='bbox 1041 1110 1131 1133; x_wconf 89' lang='lat' dir='ltr'>cum</span> <span class='ocrx_word' id='word_1_106' title='bbox 1157 1097 1208 1133; x_wconf 89' lang='lat' dir='ltr'>ab</span> <span class='ocrx_word' id='word_1_107' title='bbox 1233 1096 1417 1146; x_wconf 89' lang='lat' dir='ltr'>aquilone</span> 
     </span>
     <span class='ocr_line' id='line_1_19' title="bbox 229 1157 1417 1207; baseline 0.001 -14"><span class='ocrx_word' id='word_1_108' title='bbox 229 1163 407 1200; x_wconf 86' lang='lat' dir='ltr'>tantum,</span> <span class='ocrx_word' id='word_1_109' title='bbox 431 1160 469 1193; x_wconf 90' lang='lat' dir='ltr'>in</span> <span class='ocrx_word' id='word_1_110' title='bbox 494 1163 700 1207; x_wconf 88' lang='lat' dir='ltr'>posterum</span> <span class='ocrx_word' id='word_1_111' title='bbox 725 1158 831 1194; x_wconf 92' lang='lat' dir='ltr'>diem</span> <span class='ocrx_word' id='word_1_112' title='bbox 856 1171 1003 1207; x_wconf 90' lang='lat' dir='ltr'>aquam</span> <span class='ocrx_word' id='word_1_113' title='bbox 1027 1157 1259 1207; x_wconf 87' lang='lat' dir='ltr'>portendet,</span> <span class='ocrx_word' id='word_1_114' title='bbox 1281 1171 1371 1195; x_wconf 90' lang='lat' dir='ltr'>cum</span> <span class='ocrx_word' id='word_1_115' title='bbox 1395 1171 1417 1194; x_wconf 89' lang='lat' dir='ltr'>a</span> 
     </span>
     <span class='ocr_line' id='line_1_20' title="bbox 230 1219 1418 1268; baseline 0.001 -13"><span class='ocrx_word' id='word_1_116' title='bbox 230 1221 523 1268; x_wconf 81' lang='lat' dir='ltr'>septentrione,</span> <span class='ocrx_word' id='word_1_117' title='bbox 547 1225 711 1256; x_wconf 81' lang='lat' dir='ltr'>ventum</span> <span class='ocrx_word' id='word_1_118' title='bbox 737 1232 842 1256; x_wconf 90' lang='lat' dir='ltr'>eum.</span> <span class='ocrx_word' id='word_1_119' title='bbox 897 1233 987 1256; x_wconf 83' lang='lat' dir='ltr'>cum</span> <span class='ocrx_word' id='word_1_120' title='bbox 1012 1219 1062 1255; x_wconf 88' lang='lat' dir='ltr'>ab</span> <span class='ocrx_word' id='word_1_121' title='bbox 1085 1226 1220 1257; x_wconf 86' lang='lat' dir='ltr'>austro</span> <span class='ocrx_word' id='word_1_122' title='bbox 1243 1219 1305 1256; x_wconf 88' lang='lat' dir='ltr'>vel</span> <span class='ocrx_word' id='word_1_123' title='bbox 1327 1232 1418 1257; x_wconf 88' lang='lat' dir='ltr'>coro</span> 
     </span>
     <span class='ocr_line' id='line_1_21' title="bbox 231 1280 1417 1331; baseline 0.002 -15"><span class='ocrx_word' id='word_1_124' title='bbox 231 1286 301 1316; x_wconf 88' lang='lat' dir='ltr'>aut</span> <span class='ocrx_word' id='word_1_125' title='bbox 345 1280 504 1317; x_wconf 81' lang='lat' dir='ltr'>favonio</span> <span class='ocrx_word' id='word_1_126' title='bbox 547 1287 665 1317; x_wconf 90' lang='lat' dir='ltr'>nocte</span> <span class='ocrx_word' id='word_1_127' title='bbox 709 1293 850 1318; x_wconf 85' lang='lat' dir='ltr'>serena</span> <span class='ocrx_word' id='word_1_128' title='bbox 893 1280 1127 1331; x_wconf 88' lang='lat' dir='ltr'>fulgurabit,</span> <span class='ocrx_word' id='word_1_129' title='bbox 1169 1286 1334 1318; x_wconf 82' lang='lat' dir='ltr'>ventum</span> <span class='ocrx_word' id='word_1_130' title='bbox 1376 1287 1417 1318; x_wconf 87' lang='lat' dir='ltr'>et</span> 
     </span>
     <span class='ocr_line' id='line_1_22' title="bbox 229 1342 1417 1391; baseline 0.002 -14"><span class='ocrx_word' id='word_1_131' title='bbox 229 1342 397 1378; x_wconf 84' lang='lat' dir='ltr'>imbrem</span> <span class='ocrx_word' id='word_1_132' title='bbox 417 1355 466 1378; x_wconf 81' lang='lat' dir='ltr'>ex</span> <span class='ocrx_word' id='word_1_133' title='bbox 484 1342 609 1379; x_wconf 88' lang='lat' dir='ltr'>isdem</span> <span class='ocrx_word' id='word_1_134' title='bbox 630 1342 856 1391; x_wconf 83' lang='lat' dir='ltr'>regionibus</span> <span class='ocrx_word' id='word_1_135' title='bbox 883 1342 1186 1379; x_wconf 87' lang='lat' dir='ltr'>demonstrabit.</span> <span class='ocrx_word' id='word_1_136' title='bbox 1241 1344 1417 1379; x_wconf 90' lang='lat' dir='ltr'>tonitrua</span> 
     </span>
     <span class='ocr_line' id='line_1_23' title="bbox 232 1403 1316 1453; baseline 0.001 -14"><span class='ocrx_word' id='word_1_137' title='bbox 232 1406 434 1439; x_wconf 88' lang='lat' dir='ltr'>matutina</span> <span class='ocrx_word' id='word_1_138' title='bbox 454 1410 619 1440; x_wconf 77' lang='lat' dir='ltr'>ventum</span> <span class='ocrx_word' id='word_1_139' title='bbox 639 1404 878 1453; x_wconf 75' lang='lat' dir='ltr'>significant,</span> <span class='ocrx_word' id='word_1_140' title='bbox 897 1404 1064 1441; x_wconf 90' lang='lat' dir='ltr'>imbrem</span> <span class='ocrx_word' id='word_1_141' title='bbox 1085 1403 1316 1441; x_wconf 86' lang='lat' dir='ltr'>meridiana.</span> 
     </span>
    </p>

    <p class='ocr_par' dir='ltr' id='par_1_7' title="bbox 230 1464 1418 1946">
     <span class='ocr_line' id='line_1_24' title="bbox 287 1464 1418 1510; baseline 0.001 -9"><span class='ocrx_word' id='word_1_142' title='bbox 287 1464 495 1501; x_wconf 88' lang='lat' dir='ltr'>LXXXII.</span> <span class='ocrx_word' id='word_1_143' title='bbox 528 1465 662 1501; x_wconf 76' lang='lat' dir='ltr'>Nubes</span> <span class='ocrx_word' id='word_1_144' title='bbox 690 1478 780 1502; x_wconf 91' lang='lat' dir='ltr'>cum</span> <span class='ocrx_word' id='word_1_145' title='bbox 808 1478 950 1502; x_wconf 89' lang='lat' dir='ltr'>sereno</span> <span class='ocrx_word' id='word_1_146' title='bbox 977 1467 1016 1501; x_wconf 90' lang='lat' dir='ltr'>in</span> <span class='ocrx_word' id='word_1_147' title='bbox 1043 1465 1198 1502; x_wconf 83' lang='lat' dir='ltr'>caelum</span> <span class='ocrx_word' id='word_1_148' title='bbox 1225 1464 1418 1510; x_wconf 85' lang='lat' dir='ltr'>ferentur,</span> 
     </span>
     <span class='ocr_line' id='line_1_25' title="bbox 233 1527 1417 1576; baseline 0.001 -14"><span class='ocrx_word' id='word_1_149' title='bbox 233 1539 282 1563; x_wconf 82' lang='lat' dir='ltr'>ex</span> <span class='ocrx_word' id='word_1_150' title='bbox 313 1539 568 1576; x_wconf 89' lang='lat' dir='ltr'>quacumque</span> <span class='ocrx_word' id='word_1_151' title='bbox 599 1532 716 1576; x_wconf 87' lang='lat' dir='ltr'>parte</span> <span class='ocrx_word' id='word_1_152' title='bbox 747 1527 786 1563; x_wconf 91' lang='lat' dir='ltr'>id</span> <span class='ocrx_word' id='word_1_153' title='bbox 817 1527 886 1563; x_wconf 83' lang='lat' dir='ltr'>fiet</span> <span class='ocrx_word' id='word_1_154' title='bbox 917 1529 1024 1563; x_wconf 89' lang='lat' dir='ltr'>venti</span> <span class='ocrx_word' id='word_1_155' title='bbox 1055 1532 1332 1576; x_wconf 79' lang='lat' dir='ltr'>expectentur.</span> <span class='ocrx_word' id='word_1_156' title='bbox 1387 1529 1417 1564; x_wconf 92' lang='lat' dir='ltr'>si</span> 
     </span>
     <span class='ocr_line' id='line_1_26' title="bbox 230 1587 1418 1638; baseline 0.001 -14"><span class='ocrx_word' id='word_1_157' title='bbox 230 1587 373 1624; x_wconf 89' lang='lat' dir='ltr'>eodem</span> <span class='ocrx_word' id='word_1_158' title='bbox 418 1587 505 1625; x_wconf 92' lang='lat' dir='ltr'>loco</span> <span class='ocrx_word' id='word_1_159' title='bbox 548 1587 822 1638; x_wconf 82' lang='lat' dir='ltr'>globabuntur</span> <span class='ocrx_word' id='word_1_160' title='bbox 865 1588 1293 1638; x_wconf 85' lang='lat' dir='ltr'>adpropinquanteque</span> <span class='ocrx_word' id='word_1_161' title='bbox 1336 1587 1418 1625; x_wconf 91' lang='lat' dir='ltr'>sole</span> 
     </span>
     <span class='ocr_line' id='line_1_27' title="bbox 233 1648 1417 1699; baseline 0.001 -14"><span class='ocrx_word' id='word_1_162' title='bbox 233 1649 498 1686; x_wconf 85' lang='lat' dir='ltr'>discutientur</span> <span class='ocrx_word' id='word_1_163' title='bbox 529 1655 571 1686; x_wconf 85' lang='lat' dir='ltr'>et</span> <span class='ocrx_word' id='word_1_164' title='bbox 602 1648 676 1686; x_wconf 91' lang='lat' dir='ltr'>hoc</span> <span class='ocrx_word' id='word_1_165' title='bbox 707 1649 757 1685; x_wconf 88' lang='lat' dir='ltr'>ab</span> <span class='ocrx_word' id='word_1_166' title='bbox 789 1649 973 1699; x_wconf 85' lang='lat' dir='ltr'>aquilone</span> <span class='ocrx_word' id='word_1_167' title='bbox 1007 1649 1090 1693; x_wconf 84' lang='lat' dir='ltr'>fiet,</span> <span class='ocrx_word' id='word_1_168' title='bbox 1121 1655 1275 1694; x_wconf 84' lang='lat' dir='ltr'>ventos,</span> <span class='ocrx_word' id='word_1_169' title='bbox 1305 1651 1336 1686; x_wconf 93' lang='lat' dir='ltr'>si</span> <span class='ocrx_word' id='word_1_170' title='bbox 1367 1649 1417 1686; x_wconf 90' lang='lat' dir='ltr'>ab</span> 
     </span>
     <span class='ocr_line' id='line_1_28' title="bbox 231 1710 1418 1760; baseline 0 -13"><span class='ocrx_word' id='word_1_171' title='bbox 231 1716 381 1753; x_wconf 86' lang='lat' dir='ltr'>austro,</span> <span class='ocrx_word' id='word_1_172' title='bbox 423 1710 570 1747; x_wconf 85' lang='lat' dir='ltr'>imbres</span> <span class='ocrx_word' id='word_1_173' title='bbox 611 1710 870 1760; x_wconf 89' lang='lat' dir='ltr'>portendent.</span> <span class='ocrx_word' id='word_1_174' title='bbox 925 1710 1007 1747; x_wconf 90' lang='lat' dir='ltr'>sole</span> <span class='ocrx_word' id='word_1_175' title='bbox 1048 1710 1255 1747; x_wconf 80' lang='lat' dir='ltr'>occidente</span> <span class='ocrx_word' id='word_1_176' title='bbox 1296 1713 1327 1747; x_wconf 92' lang='lat' dir='ltr'>si</span> <span class='ocrx_word' id='word_1_177' title='bbox 1368 1723 1418 1747; x_wconf 84' lang='lat' dir='ltr'>ex</span> 
     </span>
     <span class='ocr_line' id='line_1_29' title="bbox 234 1772 1418 1822; baseline 0.001 -14"><span class='ocrx_word' id='word_1_178' title='bbox 234 1778 404 1822; x_wconf 88' lang='lat' dir='ltr'>utraque</span> <span class='ocrx_word' id='word_1_179' title='bbox 446 1778 562 1821; x_wconf 85' lang='lat' dir='ltr'>parte</span> <span class='ocrx_word' id='word_1_180' title='bbox 606 1775 688 1809; x_wconf 86' lang='lat' dir='ltr'>eius</span> <span class='ocrx_word' id='word_1_181' title='bbox 731 1772 887 1809; x_wconf 80' lang='lat' dir='ltr'>caelum</span> <span class='ocrx_word' id='word_1_182' title='bbox 930 1778 1087 1822; x_wconf 87' lang='lat' dir='ltr'>petent,</span> <span class='ocrx_word' id='word_1_183' title='bbox 1128 1778 1418 1822; x_wconf 84' lang='lat' dir='ltr'>tempestatem</span> 
     </span>
     <span class='ocr_line' id='line_1_30' title="bbox 230 1832 1418 1883; baseline 0.001 -14"><span class='ocrx_word' id='word_1_184' title='bbox 230 1833 534 1883; x_wconf 83' lang='lat' dir='ltr'>significabunt;</span> <span class='ocrx_word' id='word_1_185' title='bbox 595 1832 874 1870; x_wconf 86' lang='lat' dir='ltr'>vehementius</span> <span class='ocrx_word' id='word_1_186' title='bbox 920 1840 1035 1870; x_wconf 86' lang='lat' dir='ltr'>atrae</span> <span class='ocrx_word' id='word_1_187' title='bbox 1082 1834 1133 1871; x_wconf 87' lang='lat' dir='ltr'>ab</span> <span class='ocrx_word' id='word_1_188' title='bbox 1179 1836 1332 1870; x_wconf 85' lang='lat' dir='ltr'>oriente</span> <span class='ocrx_word' id='word_1_189' title='bbox 1379 1835 1418 1870; x_wconf 89' lang='lat' dir='ltr'>in</span> 
     </span>
     <span class='ocr_line' id='line_1_31' title="bbox 234 1895 1416 1946; baseline 0 -14"><span class='ocrx_word' id='word_1_190' title='bbox 234 1901 394 1932; x_wconf 86' lang='lat' dir='ltr'>noctem</span> <span class='ocrx_word' id='word_1_191' title='bbox 421 1908 567 1946; x_wconf 85' lang='lat' dir='ltr'>aquam</span> <span class='ocrx_word' id='word_1_192' title='bbox 593 1897 811 1939; x_wconf 87' lang='lat' dir='ltr'>minantur,</span> <span class='ocrx_word' id='word_1_193' title='bbox 837 1895 887 1932; x_wconf 93' lang='lat' dir='ltr'>ab</span> <span class='ocrx_word' id='word_1_194' title='bbox 913 1895 1121 1933; x_wconf 88' lang='lat' dir='ltr'>occidente</span> <span class='ocrx_word' id='word_1_195' title='bbox 1147 1898 1187 1932; x_wconf 88' lang='lat' dir='ltr'>in</span> <span class='ocrx_word' id='word_1_196' title='bbox 1213 1900 1416 1945; x_wconf 87' lang='lat' dir='ltr'>posterum</span> 
     </span>
    </p>
   </div>
   <div class='ocr_carea' id='block_1_6' title="bbox 593 2016 1077 2101">
    <p class='ocr_par' dir='ltr' id='par_1_8' title="bbox 593 2016 1077 2101">
     <span class='ocr_line' id='line_1_32' title="bbox 595 2016 922 2049; baseline 0.006 -2"><span class='ocrx_word' id='word_1_197' title='bbox 595 2016 603 2035; x_wconf 87' lang='lat'>¹</span> <span class='ocrx_word' id='word_1_198' title='bbox 634 2016 696 2048; x_wconf 76' lang='lat' dir='ltr'>VJ.</span> <span class='ocrx_word' id='word_1_199' title='bbox 714 2017 922 2049; x_wconf 74' lang='lat' dir='ltr'>incluserint.</span> 
     </span>
     <span class='ocr_line' id='line_1_33' title="bbox 593 2059 1077 2101; baseline 0 -9"><span class='ocrx_word' id='word_1_200' title='bbox 593 2059 605 2078; x_wconf 88' lang='lat'><em>²</em></span> <span class='ocrx_word' id='word_1_201' title='bbox 631 2060 805 2101; x_wconf 77' lang='lat' dir='ltr'>Mayhoss:</span> <span class='ocrx_word' id='word_1_202' title='bbox 831 2061 857 2091; x_wconf 81' lang='lat' dir='ltr'>si</span> <span class='ocrx_word' id='word_1_203' title='bbox 875 2060 907 2091; x_wconf 86' lang='lat' dir='ltr'>in</span> <span class='ocrx_word' id='word_1_204' title='bbox 925 2063 984 2090; x_wconf 77' lang='lat' dir='ltr'>aut</span> <span class='ocrx_word' id='word_1_205' title='bbox 1001 2060 1077 2092; x_wconf 71' lang='lat' dir='ltr'>nim.</span> 
     </span>
    </p>
   </div>
   <div class='ocr_carea' id='block_1_7' title="bbox 231 2133 302 2165">
    <p class='ocr_par' dir='ltr' id='par_1_9' title="bbox 231 2133 302 2165">
     <span class='ocr_line' id='line_1_34' title="bbox 231 2133 302 2165; baseline 0 -9"><span class='ocrx_word' id='word_1_206' title='bbox 231 2133 302 2165; x_wconf 83' lang='lat'>410</span> 
     </span>
    </p>
   </div>
  </div>
 </body>
</html>
