1486 2359
155 608 218 639 295

157 1237 219 1269 296

455 150 622 188 PLINY
638 164 646 188 ε
689 150 952 188 NATURAL
987 149 1224 188 HISTORY

247 254 353 305 quod
372 260 432 291 est
450 257 606 291 initium
626 257 822 298 autumni,
840 267 915 291 uva
932 257 1039 303 picta
1055 259 1309 291 consecretur
1325 256 1429 292 inter

248 327 361 367 vites,
412 327 541 361 minus
593 337 733 361 nocere
784 329 1063 374 tempestates.
1119 322 1328 361 Archibius
1377 324 1427 361 ad

247 393 489 432 Antiochum
534 394 671 444 Syriae
715 407 851 445 regem
895 396 1063 444 scripsit,
1105 396 1136 430 si
1180 393 1287 431 fictili
1329 407 1429 431 novo

245 464 436 501 obruatur
474 464 617 501 rubeta
656 477 753 500 rana
792 466 830 501 in
870 463 1004 500 media
1041 468 1195 514 segete,
1229 476 1308 500 non
1343 476 1428 501 esse

247 536 382 570 noxias
403 539 682 583 tempestates.

298 603 443 640 LXXI.
474 603 609 653 Opera
655 606 801 640 rustica
846 602 960 640 huius
1006 601 1223 640 intervalli:
1281 608 1428 641 terram

250 676 410 717 iterare,
432 674 591 710 arbores
613 672 901 710 circumfodere
923 678 1007 717 aut,
1028 672 1096 709 ubi
1117 678 1301 710 aestuosa
1321 674 1430 723 regio

247 749 398 792 poscat,
427 742 1004 792 adcumulare—germinantia
1034 744 1106 778 nisi
1135 744 1174 778 in
1208 741 1290 779 solo
1318 741 1430 778 luxu-

250 815 350 849 rioso
366 811 552 849 fodienda
574 825 652 849 non
672 818 830 856 sunt—‚
848 814 1059 848 seminaria
1078 824 1248 862 purgare
1266 811 1430 855 sarculo,

246 895 416 919 messem
438 881 691 919 hordeaciam
713 881 859 926 facere,
881 895 1015 918 aream
1038 884 1157 919 messi
1179 894 1430 932 praeparare,

247 952 409 989 Catonis
438 954 641 989 sententia
670 965 832 989 amurca
851 957 1137 1001 temperatam,
1157 951 1318 1001 Vergilii
1338 963 1431 1002 ope-

247 1025 369 1059 rosius
398 1021 539 1059 creta.1
596 1024 746 1059 maiore
777 1035 826 1059 ex
856 1027 971 1072 parte
999 1027 1174 1072 aequant
1200 1026 1361 1058 tantum
1389 1027 1430 1058 et,

248 1093 339 1129 {imo
367 1092 516 1129 bubulo
545 1092 730 1129 dilutiore
760 1091 953 1135 inlinunt;
987 1091 1027 1129 id
1055 1094 1152 1129 satis
1181 1091 1233 1129 ad
1259 1090 1430 1142 pulveris

248 1162 469 1200 remedium
489 1162 657 1199 videtur.

299 1231 466 1269 LXXII.
500 1231 642 1268 Messis
690 1234 809 1282 ipsius
855 1234 957 1269 ratio
1004 1234 1122 1268 varia.
1213 1229 1428 1268 Galliarum

248 1302 466 1339 latifundiis
510 1301 598 1338 valli
641 1301 910 1352 praegrandes
949 1302 1135 1339 dentibus
1174 1304 1213 1338 in
1252 1303 1431 1352 margine

248 1375 404 1409 insertis
421 1372 575 1409 duabus
593 1375 688 1409 rotis
706 1385 776 1421 per
792 1378 974 1422 segetem
992 1371 1237 1421 inpelluntur
1253 1373 1431 1409 iumento

249 1445 286 1479 in
308 1444 548 1479 contrarium
571 1445 728 1485 iuncto3
764 1445 819 1478 ita
841 1442 1033 1492 dereptae
1056 1444 1093 1478 in
1116 1441 1260 1478 vallum
1282 1441 1430 1478 cadunt

248 1515 392 1562 spicae.
448 1512 619 1562 stipulae
665 1511 757 1548 alibi
802 1512 959 1549 mediae
1004 1511 1105 1549 falce
1150 1511 1431 1561 praeciduntur

249 1589 372 1632 atque
388 1585 493 1619 inter
508 1582 606 1619 duas
622 1585 814 1632 mergites
830 1585 937 1632 spica
953 1582 1225 1632 destringitur.
1273 1581 1365 1619 alibi
1380 1581 1430 1618 ab

248 1652 380 1689 radice
395 1651 632 1695 caeduntur,
648 1651 740 1688 alibi
755 1665 845 1689 cum
861 1652 993 1689 radice
1010 1651 1254 1695 evelluntur3
1283 1653 1430 1701 quique

250 1722 289 1759 id
303 1721 454 1759 faciunt
469 1721 664 1772 proscindi
680 1722 730 1758 ab
745 1735 786 1759 se
801 1722 931 1759 obiter
945 1735 1084 1772 agrum
1101 1724 1430 1772 interpretantur,

246 1806 335 1829 cum
348 1791 562 1829 extrahant
574 1805 723 1829 sucum.
755 1791 979 1829 differentia
991 1797 1033 1830 et
1044 1791 1060 1815 ²
1073 1790 1191 1828 haec:
1207 1791 1274 1828 ubi
1285 1790 1430 1841 stipula

249 1862 386 1898 domos
405 1867 625 1912 contegunt
645 1875 764 1912 quam
785 1861 1052 1911 longissimam
1072 1866 1245 1904 servant,
1264 1860 1330 1897 ubi
1349 1859 1428 1897 feni

307 1976 314 1993 ¹
342 1978 433 2006 creta
458 1974 509 2006 hic
536 1974 690 2006 Urlichs:
723 1979 797 2005 ame
820 1974 954 2015 Vergilii
973 1975 1021 2005 cd.
1041 1974 1119 2005 Pur.
1137 1973 1210 2004 Lae.
1227 1975 1330 2005 6797:
1365 1983 1428 2004 om.

259 2017 327 2048 rell.
637 2019 649 2036 ²
673 2020 707 2048 ot
724 2017 799 2047 add.
819 2017 1000 2048 Rath-ham.

247 2091 317 2127 374
