1486 2359
104 278 163 309 124

104 1135 165 1166 125

105 1734 164 1766 126

396 170 586 207 PLINY:
638 169 902 207 NATURAL
939 168 1176 207 HISTORY

241 273 412 310 XXXII.
442 273 587 310 Ciceris
616 278 764 310 natura
792 278 853 310 est
881 275 992 323 gigni
1018 285 1109 309 cum
1136 271 1377 323 salsilagine,

191 360 280 396 idco
295 359 422 396 solum
439 361 516 396 urit
534 372 606 396 nec
622 361 695 396 nisi
713 357 988 396 madefactum
1004 358 1131 408 pridie
1146 360 1224 395 seri
1239 358 1375 396 debet.

189 445 438 482 differentiae
451 444 597 494 plures,
610 444 902 494 magnitudine,
913 443 1058 488 colore,
1071 443 1211 495 figura,
1223 457 1376 494 sapore.

192 537 252 567 est
279 533 384 567 enim
411 533 580 567 arietino
605 533 728 580 capiti
755 530 896 573 simile,
922 529 1028 567 unde
1054 533 1112 567 ita
1137 529 1378 580 appellatur,

191 616 324 653 album
369 619 621 667 nigrumque,
660 622 721 653 est
765 622 808 653 et
849 615 1120 653 columbinum
1163 616 1271 667 quod
1313 615 1376 653 alii

191 702 406 739 Venerium
455 702 675 752 appellant,
721 702 951 746 candidum,
999 702 1230 746 rotundum,
1276 701 1378 747 leve,

191 791 360 825 arietino
384 791 527 832 minus,
552 788 659 838 quod
683 787 820 838 religio
845 787 1057 838 pervigiliis
1082 787 1261 825 adhibet.
1316 794 1377 826 est

192 879 233 911 et
253 873 445 910 cicercula
466 876 608 910 minuti
629 876 778 916 ciceris,
799 873 1035 924 inaequalis,
1053 872 1233 924 angulosi
1253 872 1377 911 veluti

192 962 334 1009 pisum,
355 959 624 996 dulcissimum
649 965 787 996 autem
807 959 847 996 id
871 959 979 1009 quod
999 972 1091 996 ervo
1111 958 1376 1003 simillimum3

192 1045 420 1095 firmiusque
441 1045 547 1096 quod
568 1048 724 1095 nigrum
745 1051 786 1082 et
806 1044 939 1081 rufum
959 1057 1081 1095 quam
1101 1044 1208 1095 quod
1227 1044 1375 1082 album.

242 1130 436 1167 XXXIII.
466 1130 640 1181 Siliquae
669 1131 867 1168 rotundae
892 1133 1023 1174 ciceri,
1040 1133 1184 1167 ceteris
1214 1130 1379 1181 legumi-

193 1230 287 1253 num
303 1216 447 1266 longae
464 1223 505 1253 et
522 1216 573 1253 ad
590 1216 756 1266 figuram
773 1218 934 1253 seminis
948 1216 1072 1261 latae,
1084 1219 1169 1266 piso
1184 1215 1379 1267 cylindra-

190 1308 271 1339 tae.
310 1301 567 1352 passiolorum
582 1315 671 1338 cum
687 1305 779 1351 ipsis
800 1301 1045 1339 manduntur
1063 1304 1219 1352 granis3
1246 1314 1378 1340 serere

192 1400 259 1424 eos
280 1401 359 1438 qua
379 1387 474 1425 velis
494 1394 603 1424 terra
623 1387 717 1424 licet
737 1388 788 1424 ab
804 1387 932 1424 idibus
949 1387 1217 1425 Octobribus¹
1237 1389 1279 1425 in
1297 1387 1376 1425 kal.

193 1472 450 1510 Novembres.
506 1473 710 1524 legumina
744 1487 834 1510 cum
869 1479 1140 1510 maturescere
1172 1475 1378 1524 coeperint

191 1559 383 1608 rapienda
409 1564 515 1603 sunt,
541 1562 730 1609 quoniam
755 1562 835 1595 cito
861 1559 1028 1596 exiliunt
1052 1558 1264 1609 latentque
1287 1572 1377 1596 cum

189 1644 390 1688 decidere,
404 1647 504 1681 sicut
521 1650 562 1681 et
578 1644 770 1694 lupinum.
827 1657 1072 1695 quamquam
1087 1647 1194 1694 prius
1208 1644 1259 1682 de
1273 1647 1377 1694 rapis

191 1729 335 1767 dixisse
354 1732 582 1774 conveniat,
600 1729 786 1767 XXXIV.
816 1730 872 1780 (in
889 1735 1119 1767 transcursu
1137 1743 1186 1767 ea
1203 1732 1377 1781 attigere

192 1818 329 1859 nostri,
355 1815 473 1865 paulo
499 1815 729 1865 diligentius
756 1814 915 1859 Graeci,
941 1821 984 1853 et
1010 1818 1083 1865 ipsi
1108 1821 1248 1853 tamen
1272 1818 1378 1853 inter

192 1900 409 1950 hortensia)
429 1904 458 1938 si
479 1904 605 1938 iustus
624 1900 720 1938 ordo
740 1901 825 1945 fiat,
844 1914 867 1937 a
885 1900 1088 1938 frumento
1107 1903 1287 1952 protinus
1305 1906 1376 1939 aut

397 2023 402 2040 ¹
429 2023 596 2053 Ruth-laam
614 2022 767 2062 (Octobr.
787 2021 954 2063 Mayhoff,
971 2034 977 2052 :
1004 2021 1171 2054 Octobris.

192 2093 259 2127 26⁸
