1486 2359
146 878 188 908 48

147 1186 189 1216 49

148 1682 190 1712 50

414 152 603 190 PLINY:
655 152 919 190 NATURAL
957 151 1195 189 HISTORY

211 256 362 294 concidi
393 261 518 306 atque
547 257 683 292 siccari
715 255 967 291 utilissimum
998 260 1074 299 est,
1103 254 1227 292 fossas
1257 260 1393 292 autem

211 320 374 355 cretosis
415 317 508 354 locis
550 322 711 366 apertas
753 316 936 366 relinqui,
977 319 1017 353 in
1058 316 1246 353 solutiore
1286 322 1395 354 terra

211 379 396 429 saepibus
419 379 564 415 firmari
585 378 674 415 vell
693 378 929 428 proclivibus
947 391 993 414 ac
1006 377 1022 401 ²
1037 380 1187 427 supinis
1203 377 1395 415 lateribus

212 441 495 491 procumbere3
542 440 736 490 quasdam
768 440 975 476 obcaecari
1007 445 1049 476 et
1081 442 1121 476 in
1153 439 1249 477 alias
1280 439 1396 491 dirigi

213 505 380 539 maiores
410 504 739 552 patentioresque
771 507 827 545 et,
857 503 888 538 si
918 503 970 538 sit
1000 503 1168 545 occasio,
1197 500 1304 538 silice
1334 500 1396 538 vel

212 564 348 614 glarea
391 566 530 607 sterni,
573 576 642 599 ora
687 569 824 599 autem
868 575 1006 599 earum
1049 562 1151 599 binis
1195 565 1396 613 utrimque

212 625 408 675 lapidibus
452 627 707 662 statuminari
747 630 789 661 et
834 624 915 661 alio
953 623 1396 675 superintegi.—Silvae

213 687 477 736 extirpandae
515 689 711 723 rationem
753 686 1009 723 Democritus
1048 685 1236 736 prodidit,
1274 685 1397 736 lupini

213 748 307 785 flore
343 751 381 785 in
415 761 508 785 suco
541 750 696 785 cicutae
732 761 810 784 uno
843 747 908 784 die
942 753 1148 785 macerato
1181 760 1397 798 sparsoque

212 810 420 847 radicibus.

267 871 336 908 lx.
367 871 419 908 Et
470 873 657 921 quoniam
708 876 971 921 praeparatus
1023 876 1085 908 est
1135 883 1244 922 ager,
1294 884 1397 908 nunc

214 934 453 970 indicabitur
482 939 625 969 natura
653 932 826 983 frugum.
881 938 974 970 sunt
1001 938 1138 969 autem
1166 932 1245 969 duo
1272 935 1398 982 prima

214 1009 352 1032 earum
378 1008 550 1046 genera:
591 994 808 1038 frumenta,
835 1000 879 1031 ut
905 996 1097 1038 triticum,
1123 993 1330 1038 hordeum,
1356 1000 1398 1031 et

215 1057 431 1107 legumina,
452 1062 496 1093 ut
517 1055 625 1100 faba,
645 1059 760 1093 cicer.
815 1055 1042 1093 differentia
1062 1058 1192 1093 notior
1212 1069 1332 1106 quam
1354 1062 1398 1093 ut

214 1119 377 1156 indicari
395 1119 551 1155 deceat.

267 1180 315 1218 X.
347 1180 553 1217 Frumenti
588 1182 707 1230 ipsius
736 1180 909 1217 totidem
937 1192 1088 1231 genera
1116 1191 1188 1230 per
1215 1185 1398 1230 tempora

214 1248 305 1280 satu
325 1242 470 1280 divisa:
500 1241 681 1286 hiberna,
701 1255 804 1292 quae
823 1244 926 1278 circa
945 1241 1197 1293 vergiliarum
1216 1254 1399 1279 occasum

215 1310 304 1342 sata
343 1310 452 1341 terra
493 1317 564 1354 per
611 1303 785 1341 hiemem
832 1305 1077 1347 nutriuntur,
1117 1308 1162 1340 ut
1207 1305 1399 1347 triticum,

216 1365 432 1409 hordeum;
479 1368 644 1409 aestiva,
673 1379 777 1415 quae
817 1371 974 1402 aestate
1013 1370 1108 1402 ante
1148 1364 1399 1415 vergiliarum

217 1434 401 1465 exortum
445 1433 644 1471 seruntur,
689 1433 733 1464 ut
778 1427 943 1470 milium,
986 1429 1187 1477 panicum,
1230 1439 1400 1470 sesama,

216 1489 454 1533 horminum,
483 1492 567 1533 irio,
598 1489 740 1525 Italiae
769 1489 985 1526 dumtaxat
1013 1491 1114 1526 ritu:
1157 1488 1332 1539 alioquin
1359 1491 1400 1525 in

217 1551 387 1588 Graecia
426 1557 468 1587 et
507 1554 547 1587 in
589 1551 684 1587 Asia
725 1553 857 1587 omnia
900 1564 922 1586 a
964 1550 1216 1601 vergiliarum
1258 1563 1399 1588 occasu

215 1618 415 1657 seruntur,
435 1613 633 1663 quaedam
655 1618 792 1649 autem
813 1618 984 1662 utroque
1003 1618 1186 1662 tempore
1206 1614 1246 1648 in
1268 1611 1400 1656 Italia,

217 1688 267 1712 ex
288 1674 347 1711 his
370 1674 569 1725 quaedam
592 1680 634 1711 et
653 1677 775 1711 tertio
801 1677 912 1711 veris.
953 1673 1073 1724 aliqui
1094 1687 1216 1711 verna
1234 1673 1400 1718 milium,

216 1739 417 1787 panicum,
441 1736 606 1780 lentem,
628 1739 744 1779 cicer,
765 1735 907 1772 alicam
937 1735 1158 1786 appellant,
1178 1738 1400 1772 sementiva

217 1803 354 1835 autem
396 1800 588 1841 triticum,
627 1796 836 1840 hordeum,
875 1796 1025 1841 fabam,
1063 1810 1215 1847 rapam.
1280 1802 1322 1834 et
1359 1799 1399 1834 in

270 1879 281 1898 ¹
307 1878 481 1918 Mayhoff:
508 1888 549 1909 ne
564 1883 622 1909 aul
639 1879 671 1909 in
688 1881 746 1908 aut
763 1879 827 1908 ine.
1008 1878 1021 1896 ²
1041 1877 1148 1909 Edd.:
1173 1880 1245 1909 aut.

267 1978 280 1992 ⁶
303 1973 388 2005 alica
404 1983 472 2004 was
485 1973 642 2014 properly
660 1977 774 2015 groats
789 1972 888 2003 made
904 1972 990 2003 from
1003 1972 1061 2012 sar
1076 1982 1113 2002 or
1129 1981 1255 2003 emmer
1267 1972 1398 2009 wheat;

224 2016 270 2057 by
286 2017 432 2048 triticum
451 2017 551 2056 Pliny
568 2017 646 2048 here
662 2026 779 2047 means
797 2025 954 2047 common
973 2026 1010 2046 or
1027 2015 1286 2046 hread-wheats.

219 2089 288 2114 220
