1486 2359
153 413 194 444 43

149 1575 191 1605 45

419 176 612 214 PLINY:
665 175 927 213 NATURAL
964 174 1200 213 HISTORY

220 279 385 330 argillon
408 285 551 315 vocant
580 277 791 316 candidam
821 278 1000 329 argillam
1022 291 1099 327 qua
1128 280 1168 314 in
1193 276 1398 328 Megarico

220 357 314 394 agro
338 349 518 387 utuntur,
538 343 607 379 sed
629 349 787 380 tantum
817 345 856 379 in
877 342 1012 379 umida
1032 341 1255 392 frigidaque
1276 347 1396 379 terra.

219 408 326 445 illam
351 407 499 445 Gallias
524 407 828 457 Britanniasque
853 406 1169 456 locupletantem
1192 419 1282 443 cum
1305 419 1399 444 cura

219 472 295 510 dici
314 475 511 510 convenit.

270 537 362 574 Duo
386 550 537 586 genera
562 536 735 581 fuerant,
761 536 874 586 plura
899 549 1027 586 nuper
1052 538 1230 573 exerceri
1255 541 1399 585 coepta

219 601 516 651 proficientibus
542 603 734 651 ingeniis:
775 607 836 638 est
863 603 968 637 enim
995 600 1099 645 alba,
1125 599 1226 645 rufa,
1251 600 1399 638 colum-

219 666 325 710 bina,
346 665 572 715 argillacea‚
592 665 765 709 tofacea,
786 664 1021 702 harenacea.
1075 670 1219 702 natura
1237 664 1400 715 duplex,

220 743 360 780 aspera
379 736 447 767 aut
467 733 646 780 pinguis:
680 732 959 780 experimenta
978 731 1185 779 utriusque
1204 732 1243 766 in
1263 743 1395 767 manu.

220 809 310 832 usus
341 808 468 845 aeque
490 795 503 818 ¹
533 797 729 845 geminus,
759 800 805 831 ut
834 793 969 845 fruges
999 800 1159 831 tantum
1190 793 1300 831 alant
1329 801 1398 832 aut

220 859 389 897 eaedem
421 865 462 896 et
495 859 697 909 pabulum.
752 858 886 909 fruges
919 858 990 896 alit
1021 857 1196 904 tofacea,
1229 858 1398 909 albaque

219 927 250 961 si
266 927 372 961 inter
387 923 520 961 fontes
537 930 701 973 reperta
717 929 793 968 est,
809 923 859 960 ad
876 923 1075 960 infinitum
1092 922 1246 967 fertilis,
1264 936 1399 961 verum

219 1001 359 1038 aspera
384 994 585 1031 tractatu3
625 991 656 1025 si
682 990 803 1025 nimia
827 990 976 1025 iniecta
1002 994 1077 1032 est,
1103 990 1233 1025 exurit
1259 987 1397 1026 solum.

219 1056 398 1103 proxima
422 1059 483 1090 est
506 1053 607 1098 rufa,
631 1065 735 1103 quae
759 1058 924 1090 vocatur
947 1066 1256 1102 acaunumarga,
1279 1055 1398 1090 inter-

219 1121 344 1154 mixto
369 1117 499 1167 lapide
526 1124 657 1154 terrae
683 1119 877 1162 minutae,
901 1116 1133 1154 harenosae.
1187 1117 1286 1167 lapis
1309 1131 1400 1155 con-

219 1182 401 1219 tunditur
441 1185 480 1219 in
520 1185 605 1232 ipso
645 1196 800 1232 campo,
842 1184 1056 1232 primisque
1099 1184 1210 1218 annis
1252 1182 1398 1232 stipula

218 1247 428 1284 difficulter
447 1247 629 1283 caeditur
649 1252 814 1296 propter
835 1246 999 1296 lapides.
1054 1246 1241 1296 inpendio
1262 1253 1398 1284 tamen

219 1314 379 1348 minima
429 1311 593 1348 levitate
644 1311 808 1348 dimidio
857 1314 1018 1348 minoris
1067 1324 1187 1361 quam
1236 1317 1398 1349 ceterae

218 1375 426 1413 invehitur.
482 1379 723 1426 inspergitur
778 1388 887 1419 rara;
957 1375 1039 1413 sale
1096 1389 1186 1413 eam
1241 1379 1396 1413 misceri

218 1447 374 1490 putant.
430 1447 643 1490 utrumque
685 1440 758 1478 hoc
797 1454 923 1491 genus
962 1440 1087 1478 semel
1127 1443 1318 1478 iniectum
1358 1443 1397 1478 in

220 1518 241 1541 L
256 1519 377 1541 auno<
397 1505 500 1542 valet
521 1512 561 1542 ct
580 1505 736 1552 frug-um
757 1512 797 1542 et
816 1505 948 1554 pabuli
968 1506 1167 1542 ubertate.

264 1570 377 1616 Quae
393 1573 560 1619 pingues
575 1582 661 1606 esse
674 1573 916 1613 sentiuntur,
930 1583 979 1606 ex
995 1569 1053 1606 his
1068 1573 1282 1620 praecipua
1296 1570 1399 1610 alba.

217 1635 328 1684 plura
353 1638 435 1671 eius
458 1648 630 1684 genera:
668 1634 1006 1671 mordacissimum
1031 1635 1137 1684 quod
1159 1647 1278 1684 supra
1300 1634 1399 1672 dixi-

217 1712 316 1736 mus.
371 1699 542 1736 alterum
580 1712 707 1749 genus
746 1699 861 1735 albae
899 1705 1010 1736 creta
1049 1702 1277 1750 argentaria
1315 1705 1398 1743 est;

217 1767 369 1812 petitur
397 1777 445 1800 ex
475 1763 570 1807 alto,
599 1766 637 1800 in
665 1770 856 1800 centenos
884 1763 1007 1813 pedes
1036 1766 1134 1801 actis
1162 1763 1397 1814 plerumque

455 1882 466 1901 ¹
489 1881 651 1922 Deilessen
667 1894 674 1913 :
701 1892 822 1913 manus
839 1893 987 1923 usacque
1003 1886 1060 1913 aut
1076 1883 1152 1914 sim.

550 2037 565 2053 ⁸
587 2032 692 2066 Celtic
709 2043 889 2074 aqaunum,
908 2031 915 2044 ‘
931 2037 1029 2065 stone
1040 2031 1059 2065 '.

214 2119 260 2154 30
