1486 2359
106 644 169 674 234

106 1223 167 1254 235

106 1873 168 1904 236

397 173 586 210 PLINY:
639 173 902 211 NATURAL
941 172 1175 210 HISTORY

196 280 455 314 revivescunt.
510 276 586 312 alia
598 279 637 312 in
649 278 764 312 terris
776 275 1168 325 septentrionalibus,
1179 282 1223 312 ut
1235 274 1376 317 Ponto,

194 349 377 392 Thracia,
406 348 551 399 frigore
581 354 651 385 aut
681 348 774 399 gelu
803 347 988 385 laborant
1017 350 1047 385 si
1077 353 1167 398 post
1195 347 1375 384 brumam

194 424 479 458 continuavere
505 433 551 457 xL
575 420 738 462 diebus;
777 426 820 457 et
846 421 900 457 ibi
925 426 1062 457 autem
1087 426 1130 457 et
1154 422 1193 457 in
1218 419 1376 470 reliquis

195 494 390 543 partibus,
418 496 449 530 si
478 495 657 543 protinus
687 492 804 529 editis
833 492 1025 530 fructibus
1053 491 1204 543 gelatio
1231 505 1377 542 magna

193 571 407 603 consecuta
427 571 503 609 est,
522 568 644 602 etiam
664 568 799 614 paucis
819 564 958 602 diebus
978 570 1109 602 necat.

247 637 361 685 Quae
394 640 535 674 iniuria
566 637 770 675 hominum
801 643 987 675 constant
1018 637 1237 675 secundum
1267 640 1344 674 vim
1362 637 1376 660 ¹

195 710 346 747 habent
366 723 517 747 causas.
572 713 655 760 pix,
675 709 822 753 oleum,
842 709 966 759 adeps
987 712 1145 747 inimica
1165 712 1377 760 praecipue

196 782 372 820 novellis.
421 786 567 820 cortice
582 785 621 819 in
635 783 772 819 orbem
787 782 972 820 detracto
987 788 1196 827 necantur,
1208 788 1378 832 excepto

195 856 352 899 subere,
387 855 493 905 quod
531 858 586 892 sic
624 858 747 892 etiam
786 857 956 899 iuvatur,
992 867 1236 892 crassescens
1273 857 1376 892 enim

195 930 452 978 praestringit
468 933 509 964 et
525 927 751 977 strangulat
766 939 774 970 ;
805 940 877 964 nec
893 925 1107 964 andrachle
1122 926 1335 964 offenditur
1347 929 1377 964 si

195 1014 274 1037 non
295 999 410 1037 simul
433 999 632 1037 incidatur
654 1006 695 1037 et
717 1013 870 1049 corpuS.
925 999 1071 1049 alioqui
1094 1005 1137 1036 et
1157 1012 1315 1037 cerasus
1337 1005 1379 1036 et

195 1073 279 1110 tilia
302 1078 343 1109 et
365 1074 454 1109 vitis
475 1074 664 1109 corticem
685 1071 912 1116 amittunt,²
931 1071 1003 1109 sed
1024 1085 1102 1108 uon
1123 1071 1286 1109 vitalem
1307 1084 1379 1109 nec

196 1147 420 1195 proximum
445 1147 611 1194 corpori.
638 1157 773 1181 verum
801 1157 893 1180 eum
919 1147 985 1194 qui
1011 1144 1278 1181 subnascente
1303 1143 1379 1181 alio

195 1217 420 1267 expellitur.
476 1217 726 1267 quarundam
764 1223 908 1253 natura
947 1219 1110 1254 rimosus
1146 1222 1299 1260 cortex,
1335 1222 1378 1254 ut

194 1290 379 1340 platanis
434 1289 544 1326 tiliae
569 1292 791 1326 renascitur
814 1289 933 1339 paulo
958 1292 1085 1326 minus
1112 1302 1232 1339 quam
1255 1295 1377 1326 totus.

196 1376 290 1413 ergo
324 1361 384 1398 his
420 1375 587 1412 quarum
622 1364 848 1399 cicatricem
885 1361 1011 1398 trahit
1045 1361 1260 1398 medentur
1295 1361 1379 1398 luto

197 1436 369 1485 fimoque
401 1440 443 1471 et
474 1433 688 1484 aliquando
719 1441 899 1484 prosunt.
930 1437 961 1471 si
994 1447 1071 1471 non
1103 1433 1380 1471 veliementior

195 1507 385 1557 frigorum
401 1513 470 1543 aut
484 1506 660 1543 calorum
676 1509 731 1543 vis
746 1513 883 1543 secuta
900 1512 961 1543 est
975 1518 984 1550 ;
1013 1506 1211 1557 quaedam
1227 1506 1379 1543 tardius

195 1582 251 1616 ita
267 1582 502 1622 moriuntur,
518 1586 561 1615 ut
577 1579 717 1615 robora
733 1585 773 1615 et
790 1592 970 1629 quercus.
1026 1578 1149 1615 refert
1165 1584 1205 1616 et
1219 1585 1378 1628 tempus

196 1654 310 1694 anni;
357 1651 480 1688 abieti
515 1653 620 1688 enim
654 1657 696 1688 et
729 1653 822 1700 pino
855 1653 884 1687 si
920 1653 1008 1701 quis
1041 1651 1265 1688 detraxerit
1297 1649 1378 1688 sole

197 1730 355 1760 taurum
396 1723 456 1759 vel
496 1726 676 1773 geminos
715 1729 967 1765 transeunte,
1006 1736 1096 1760 cum
1135 1725 1379 1774 germinant,

195 1799 332 1833 statim
370 1798 605 1838 moriuntur,
643 1795 813 1833 eandem
851 1798 1033 1832 iniuriam
1071 1795 1201 1833 hieme
1238 1808 1378 1846 passae

195 1868 342 1905 diutius
365 1868 564 1911 tolerant;
601 1867 783 1905 similiter
805 1867 883 1905 ilex
908 1874 950 1905 et
974 1868 1093 1905 robur
1115 1880 1376 1918 quercusque.

238 1961 248 1979 ¹
274 1960 343 1991 vim
361 1960 436 1991 add.
457 1960 629 2000 Dethssen.
776 1961 789 1979 ²
812 1961 998 1992 amittunt?
1025 1960 1197 2002 Mayhoff:
1224 1961 1379 1991 mittunt.

416 2026 429 2040 ‘¹
454 2021 487 2052 lt
506 2021 617 2052 would
635 2021 692 2052 kin
711 2021 769 2053 the
786 2021 954 2052 cork-tree
972 2021 1127 2053 likewise.

416 2063 428 2083 θ
453 2065 600 2095 Arbulus
617 2065 643 2095 A
652 2063 824 2095 ndrachne.

200 2117 265 2151 162
