1486 2359
403 124 596 162 PLINY:
649 124 912 162 NATURAL
947 124 1184 162 HISTORY

207 230 328 264 etiam
354 229 482 277 rigore
506 226 686 277 gaudent
710 239 813 275 quae
838 226 1020 263 diximus.
1076 239 1199 275 quare
1229 227 1382 276 experi-

207 283 353 317 mentis
374 283 524 330 optime
545 279 732 316 creditur.

260 334 335 370 111.
365 334 399 370 A
414 332 526 370 caelo
546 335 768 382 proximum
784 338 846 369 est
865 338 996 369 terrae
1011 332 1155 369 dixisse
1174 334 1384 377 rationem,

209 386 314 424 haud
335 386 508 424 faciliore
534 392 725 431 tractatu,
745 388 892 435 quippe
917 399 996 422 non
1019 385 1162 422 eadem
1181 385 1384 423 arboribus

207 443 393 477 convenit
430 446 471 476 et
503 439 682 490 frugibus
707 439 957 489 plerumque,
983 452 1057 476 nec
1087 438 1195 488 pulla
1225 438 1384 489 qualem

209 493 331 530 habet
366 493 583 542 Campania
620 493 766 543 ubique
798 495 949 542 optima
979 493 1138 537 vitibus,
1175 498 1245 530 aut
1281 505 1385 542 quae

208 553 351 584 tenues
382 545 544 583 exhalat
572 546 751 591 nebulas,
771 559 845 583 nec
863 547 1020 583 rubrica
1046 545 1180 583 multis
1209 545 1383 583 laudata.

208 606 360 637 cretam
377 603 416 637 in
434 600 667 637 Albensium
686 598 1017 649 Pompeianorum
1037 613 1132 649 agro
1149 605 1190 637 et
1207 597 1385 650 argillam

209 656 360 691 cunctis
381 653 431 690 ad
460 656 593 690 vineas
622 653 836 703 generibus
859 659 1124 703 anteponunt,
1143 666 1385 703 quamquam

210 707 505 757 praepingues,1
528 706 635 756 quod
655 709 851 756 excipitur
875 709 916 743 in
936 720 984 744 eo
1003 719 1164 757 genere.
1218 709 1386 744 invicem

210 761 391 797 sabulum
436 760 569 796 album
614 763 652 796 in
695 760 907 797 Ticiniensi
951 760 1164 810 multisque
1208 762 1248 796 in
1290 759 1385 797 locis

211 817 366 864 nigrum
398 816 576 863 itemque
608 813 784 858 rubrum,
815 816 938 851 etiam
967 817 1104 864 pingui
1135 819 1268 851 terrae
1298 826 1387 863 per-

211 870 393 911 mixtum,
424 866 680 904 infecundum
712 874 785 904 est.
833 873 1071 918 argumenta
1101 880 1258 917 quoque
1289 866 1387 904 iudi-

209 923 385 958 cantium
420 934 541 970 saepe
577 920 731 958 fallunt.
788 934 865 957 non
902 923 1040 970 utique
1075 920 1225 958 laetum
1260 920 1386 958 solum

210 980 269 1012 est
294 977 333 1011 in
357 987 435 1024 quo
457 987 647 1024 procerae
671 974 831 1011 arbores
853 977 986 1011 nitent
1008 980 1291 1024 praeterquam
1313 973 1387 1011 illis

209 1028 435 1071 arboribus;
485 1027 579 1077 quid
615 1030 721 1065 enim
758 1028 893 1065 abiete
928 1028 1157 1078 procerius?
1206 1033 1250 1064 at
1283 1040 1386 1077 quae

210 1084 351 1118 vixisse
389 1084 511 1130 possit
549 1082 623 1118 alia
660 1085 699 1118 in
736 1080 822 1118 loco
859 1081 1029 1118 eodem?
1080 1094 1153 1118 nec
1189 1080 1388 1118 luxuriosa

208 1135 353 1184 pabula
393 1137 548 1185 pinguis
577 1134 647 1171 soli
677 1148 836 1184 semper
865 1135 1051 1172 indicium
1081 1134 1255 1172 habent:
1295 1147 1386 1171 nam

208 1188 302 1238 quid
320 1188 519 1225 laudatius
536 1189 776 1225 Germaniae
794 1188 975 1238 pabulis?
1008 1194 1050 1225 at
1065 1189 1080 1212 ²
1096 1191 1234 1225 statim
1250 1188 1387 1225 subest

209 1241 357 1279 harena
400 1244 633 1279 tenuissimo
675 1245 898 1292 caespitum
941 1245 1058 1279 corio.
1113 1255 1186 1279 nec
1229 1254 1388 1291 semper

208 1308 354 1345 aquosa
385 1302 444 1332 est
475 1302 582 1332 terra
608 1298 670 1332 cui
692 1299 909 1345 proceritas
930 1294 1156 1340 herbarum,
1177 1309 1269 1340 non,
1287 1295 1386 1332 Her-

208 1364 226 1385 ‹
222 1349 328 1393 ules,
345 1363 396 1385 m·
388 1352 471 1397 igis
493 1363 610 1398 quam
633 1352 790 1399 pinguis
810 1348 1032 1386 adhaerens
1052 1349 1200 1399 digitis,
1222 1348 1357 1399 quod
1348 1362 1387 1386 m

210 1403 354 1452 argillis
371 1405 561 1451 arguitur.
597 1416 637 1439 sc
643 1403 756 1440 robes
777 1403 939 1452 quidem
962 1409 1122 1453 regesta
1142 1405 1181 1439 in
1198 1401 1360 1440 eosdem
1373 1403 1389 1426 ³

210 1456 344 1493 nulla⁴
362 1456 538 1505 conplet,
559 1462 602 1493 ut
623 1456 747 1493 densa
768 1463 890 1506 atque
911 1469 999 1492 rara
1022 1456 1072 1493 ad
1098 1455 1202 1493 hunc
1226 1456 1387 1493 modum

208 1509 455 1559 deprehendi
469 1512 615 1558 possit,
641 1509 825 1559 ferroque
840 1513 965 1547 omnis
978 1510 1200 1559 rubiginem
1213 1509 1386 1547 obducit.

305 1603 313 1621 ¹
339 1603 544 1643 praepingue
560 1607 611 1633 est
628 1602 801 1644 Detlessen.
1020 1602 1032 1621 ²
1056 1602 1230 1643 Mayhoff:
1255 1606 1300 1634 et.

299 1646 310 1664 ³
334 1646 522 1677 Rackham:
548 1656 615 1677 eos.
764 1647 776 1666 ⁴
800 1645 1037 1685 nulla<non>?
1068 1645 1300 1687 Warminqlon.

253 1742 266 1755 ‘³
289 1737 360 1768 The
393 1738 505 1769 writer
537 1737 564 1768 is
597 1737 674 1768 here
707 1737 955 1779 contradicting
989 1737 1105 1777 virgil.
1138 1737 1212 1768 who
1244 1747 1324 1779 says
1353 1737 1387 1769 in

210 1780 356 1820 (leorqioe
370 1780 416 1811 ΙΙ.
430 1781 580 1812 217-237
600 1781 673 1811 that
688 1791 707 1811 a
721 1785 853 1822 steamy
867 1780 927 1812 soil
938 1780 1046 1811 which
1059 1780 1159 1812 sucks
1169 1791 1216 1822 up
1228 1781 1389 1812 moisture

208 1822 274 1854 and
296 1824 323 1854 is
343 1823 471 1864 always
493 1824 634 1854 covered
658 1823 738 1855 with
759 1834 863 1864 grass,
885 1824 954 1855 and
976 1823 1083 1855 which
1105 1823 1185 1855 does
1206 1827 1267 1855 not
1287 1823 1387 1855 make

210 1867 279 1897 iron
296 1870 379 1902 rust.
397 1867 424 1897 is
438 1866 524 1907 good
542 1866 593 1897 sor
608 1867 702 1897 vines
717 1867 849 1898 trained
866 1877 912 1908 up
926 1866 1005 1898 elm—
1010 1871 1107 1903 trees,
1124 1867 1176 1898 sor
1189 1866 1306 1904 olives,
1320 1866 1385 1898 and

210 1909 260 1940 for
302 1910 415 1949 razing
435 1909 501 1940 and
525 1909 751 1950 ploughland;
784 1909 852 1941 and
873 1920 910 1940 as
929 1920 950 1940 a
970 1891 1110 1941 method
1130 1909 1170 1941 of
1185 1910 1311 1950 testing
1330 1909 1388 1940 the

208 1919 342 1992 qunffity
361 1952 399 1983 os
414 1952 472 1983 the
492 1951 554 1983 soil
573 1952 614 1983 he
632 1956 786 1993 suggests
805 1952 941 1993 digging
960 1963 981 1983 a
1000 1952 1076 1983 hole
1095 1952 1162 1983 and
1182 1952 1264 1984 then
1283 1951 1388 1993 filling

213 1996 239 2026 it
256 1995 289 2026 in
306 1995 417 2036 again.
436 1995 529 2026 when
549 1995 577 2026 is
592 1996 649 2026 the.
666 1995 762 2027 earth
781 1995 861 2026 does
878 1999 937 2026 not
957 1995 1158 2036 eomplotoh
1177 1994 1223 2026 fill
1239 1995 1297 2026 the
1314 1994 1387 2026 holo

211 2056 253 2093 18
