1486 2359
134 334 191 365 251

135 850 162 879 [ἑ

135 1173 196 1203 253

433 160 621 196 PLINY:
665 159 929 196 NATURAL
965 158 1201 196 HISTORY

224 267 296 313 (ita
323 263 527 314 appellant
555 265 688 300 rustici
715 262 924 300 stellantes
951 262 1120 306 volatus,
1146 262 1289 300 Graeci
1314 276 1408 301 vero

220 328 479 378 lampyridas>
496 327 714 364 incredibili
730 327 983 377 benignitate
1002 332 1183 364 naturae.
1240 327 1405 365 LXVII.

226 394 310 430 Iam
333 392 514 443 vergilias
535 394 574 428 in
594 391 706 428 caelo
726 391 922 428 notabiles
941 396 1102 428 caterva
1121 390 1296 435 fecerat;
1329 405 1408 430 non

223 465 361 494 tamen
403 456 460 493 his
501 461 692 493 contenta
734 461 944 493 terrestres
991 454 1086 493 fecit
1134 455 1245 499 alias,
1285 455 1407 494 veluti

225 521 464 559 vociferans:
515 520 622 557 ‘Cur
655 520 810 557 caelum
854 522 1059 564 intuearis,
1093 520 1292 571 agricola?
1339 534 1409 558 cur

223 586 353 623 sidera
367 598 550 636 quaeras,
564 584 737 622 rustice?
765 587 845 621 iam
859 590 901 621 te
915 584 1095 621 breviore
1107 598 1246 622 somno
1259 584 1407 622 fessum

225 656 413 701 premunt
438 656 587 687 noctes.
644 662 736 686 ecce
759 649 832 686 tibi
858 651 963 686 inter
985 647 1128 686 herbas
1152 655 1242 687 tuas
1265 662 1408 701 spargo

224 714 441 765 peculiares
462 714 597 751 stellas
618 726 765 764 easque
786 726 950 763 vespera
973 719 1014 750 et
1040 713 1090 749 ab
1117 726 1237 764 opere
1263 713 1408 752 disiun-

223 782 335 830 genti
347 778 515 816 ostendo
527 792 572 815 ac
586 791 635 815 ne
648 780 772 828 possis
785 780 1006 827 praeterire
1018 777 1209 815 miraculo
1221 778 1387 816 sollicito
1400 791 1409 814 :

224 844 383 881 videsne
429 849 473 880 ut
518 842 648 893 fulgor
694 845 774 893 igni
819 842 955 879 similis
999 842 1152 880 alarum
1196 856 1408 893 conpressu

224 909 443 959 obtegatur
458 920 674 957 secumque
693 907 820 944 lucem
839 906 1016 944 habeant
1030 907 1044 930 ¹
1061 913 1104 944 et
1121 913 1239 945 nocte
1252 907 1266 944 ?
1279 907 1295 931 ²
1316 907 1407 945 dedi

223 974 297 1010 tibi
327 972 470 1009 hcrbas
500 971 686 1008 horarum
719 971 866 1008 indices
896 977 952 1015 et,
982 977 1027 1008 ut
1056 984 1107 1008 ne
1136 971 1218 1009 sole
1247 972 1407 1022 quidem

224 1038 356 1075 oculos
387 1043 478 1073 tuos
511 1043 618 1073 terra
651 1049 805 1079 avoces,
837 1035 1117 1086 heliotropium
1151 1049 1196 1074 ac
1229 1036 1408 1086 lupinum

224 1105 549 1152 circumaguntur
559 1114 649 1138 cum
663 1101 740 1138 illo.
795 1114 864 1137 cur
880 1103 1102 1138 etiamnum
1118 1100 1235 1138 altius
1251 1107 1409 1150 spectes

223 1170 431 1217 ipsumque
459 1165 612 1202 caelum
642 1165 846 1202 scrutere?
889 1164 1012 1202 habes
1041 1172 1135 1203 ante
1165 1165 1287 1215 pedes
1314 1171 1404 1203 tuos

225 1245 316 1268 ecce
371 1229 580 1281 vergilias.’
635 1232 794 1267 incertis
849 1228 925 1266 hae
978 1230 1118 1267 diebus
1172 1233 1409 1280 proveniunt

224 1296 464 1345 durantque,
508 1295 576 1331 sed
621 1308 707 1331 esse
750 1294 886 1331 sideris
931 1293 1092 1332 huiusce
1137 1300 1296 1344 partum
1341 1308 1409 1332 eas

224 1367 378 1397 certum
408 1366 481 1396 est.
537 1359 701 1408 proinde
731 1361 905 1409 quisquis
935 1361 1105 1396 aestivos
1134 1358 1285 1397 fructus
1314 1365 1408 1397 ante

226 1425 310 1461 illas
338 1427 481 1461 severit
511 1424 518 1435 ⁸
539 1426 622 1473 ipse
650 1423 906 1461 frustrabitur
933 1423 1048 1461 sese.’
1102 1422 1174 1461 hoc
1202 1423 1409 1461 intervallo

226 1496 267 1527 et
293 1489 447 1539 apicula
474 1488 691 1538 procedens
718 1488 852 1525 sabam
880 1488 1019 1525 florere
1046 1488 1210 1531 indicat,
1236 1487 1408 1539 fabaque

226 1554 434 1591 florescens
454 1567 542 1590 earn
563 1559 714 1589 evocat.
770 1553 931 1590 dabitur
950 1558 991 1589 ct
1010 1552 1116 1589 aliud
1137 1553 1235 1589 finiti
1255 1552 1408 1601 frigoris

224 1619 434 1655 indicium:
479 1631 569 1654 cum
599 1619 824 1667 germinare
856 1617 997 1654 videris
1029 1631 1197 1662 morum,
1228 1619 1407 1654 iniuriam

226 1690 363 1732 postca
381 1682 533 1733 frigoris
551 1685 693 1719 timere
712 1682 846 1718 nolito.

532 1785 542 1803 ¹
568 1783 743 1815 habeant?
763 1783 920 1824 Mayhoff
931 1795 938 1815 :
965 1783 1101 1815 habeat.

531 1827 543 1845 ²
566 1830 727 1858 noctem?
747 1827 910 1867 Mayhofs.

268 1991 282 2006 ⁸
306 1988 383 2019 Sese
395 1987 615 2027 frustrabitur
635 1986 705 2027 ipse
725 1986 837 2027 might
857 1985 898 2017 be
924 1997 944 2017 a
965 1986 1118 2018 hals-lino
1139 1986 1226 2018 from
1250 1999 1271 2019 a
1295 1997 1406 2029 poem,

222 2041 259 2061 as
277 2031 369 2072 Sillig
387 2036 551 2072 suggests.

225 2093 295 2140 348
