1486 2359
444 129 634 167 PLINY:
677 129 941 167 NATURAL
978 129 1215 167 HISTORY

239 233 369 271 colore
408 233 524 278 caeli,
558 232 734 278 stellata,
768 246 840 283 per
878 233 1068 271 rudentes
1102 236 1183 271 iere
1222 236 1346 271 etiam
1382 235 1421 271 in

241 296 545 347 amphitheatris
587 300 773 348 principis
816 298 995 335 Neronis.
1051 298 1196 335 rubent
1237 300 1278 335 in
1318 300 1422 336 cavis

240 363 400 399 aedium
418 369 459 399 et
478 375 657 399 muscum
676 363 726 399 ab
744 362 826 400 sole
844 362 1091 406 defendunt;
1122 369 1258 400 cetero
1275 365 1422 400 mansit

172 432 213 463 25
239 427 399 464 candori
427 430 610 476 pertinax
637 430 779 477 gratia.
835 426 959 464 honor
985 429 1020 464 ei
1048 427 1156 464 iam¹
1187 434 1228 464 et
1253 427 1423 465 Troiano

240 491 465 528 bello—cur
483 494 588 528 enim
608 505 685 528 non
704 498 745 528 et
763 491 921 541 proeliis
939 494 1097 529 intersit
1115 499 1160 529 ut
1179 491 1421 543 naufragiis?

240 555 466 593 thoracibus
497 556 608 593 lineis
638 569 784 605 paucos
814 562 952 594 tamen
982 569 1181 607 pugnasse
1212 559 1331 594 testis
1361 562 1422 594 est

242 621 450 657 Homerus.
506 620 595 657 hinc
625 620 745 658 fuisse
774 627 817 658 et
846 624 1006 658 navium
1035 628 1285 658 armamenta
1315 622 1423 671 apud

241 686 413 722 eundem
451 689 767 735 interpretantur
804 685 1053 730 eruditiores,
1091 688 1292 736 quoniam,
1329 699 1422 723 cum

240 754 388 799 σπαρτὰ
412 750 527 794 dixit,
551 750 831 801 significaverit
855 757 954 788 sata.

173 820 213 851 26
290 815 382 851 VII.
412 814 543 864 Sparti
558 815 719 864 quidem
733 829 825 852 usus
842 815 969 853 multa
985 821 1075 865 post
1087 815 1246 853 saecula
1257 821 1423 866 coeptus

241 886 316 923 est,
333 893 404 916 nec
421 886 515 916 ante
533 878 756 917 Poenorum
772 893 881 917 arma
897 892 1001 930 quae
1016 883 1188 930 primum
1206 880 1423 930 Hispaniae

242 944 473 981 intulerunt.
530 943 653 981 herba
680 951 721 982 et
748 943 861 988 haec,
887 951 1030 995 sponte
1059 957 1223 982 nascens
1250 951 1293 982 et
1321 957 1424 996 quae

242 1022 319 1045 non
336 1015 458 1058 queat
475 1011 565 1054 seri,
581 1011 799 1059 iuncusque
817 1012 973 1059 proprie
996 1009 1093 1047 aridi
1109 1009 1194 1053 soli,
1210 1011 1277 1046 uni
1293 1015 1424 1047 terrae

240 1073 363 1110 data²
386 1076 501 1110 vitio:
535 1086 709 1124 namque
733 1073 772 1110 id
792 1073 941 1111 malum
960 1073 1111 1111 telluris
1131 1080 1207 1119 est,
1226 1087 1299 1111 nec
1319 1073 1424 1111 aliud

242 1138 294 1174 ibi
310 1141 386 1174 seri
402 1144 470 1175 aut
489 1140 594 1174 nasci
610 1144 757 1188 potest.
813 1141 852 1175 in
869 1137 1003 1175 Africa
1019 1141 1210 1189 exiguum
1226 1144 1268 1176 et
1283 1138 1422 1176 inutile

241 1205 429 1252 gignitur.
487 1201 826 1252 Carthaginiensis
841 1203 1057 1252 Hispaniae
1073 1205 1265 1240 citerioris
1282 1205 1425 1252 portio,

242 1279 314 1303 nec
345 1265 443 1303 haee
474 1273 561 1304 tota
592 1267 662 1304 sed
693 1273 892 1317 quatenus
923 1270 1046 1317 parit,
1078 1274 1235 1304 montes
1266 1280 1425 1317 quoque

174 1336 212 1366 27
241 1337 376 1379 sparto
396 1334 538 1380 operit.
594 1330 684 1367 hinc
705 1337 831 1368 strata
853 1334 1007 1369 rusticis
1028 1344 1180 1376 eorum,
1201 1331 1291 1368 hinc
1311 1334 1424 1382 ignes

242 1395 444 1445 facesque,
500 1395 590 1432 hinc
637 1395 879 1432 calceamina
927 1402 969 1433 et
1017 1402 1222 1446 pastorum
1270 1401 1424 1440 vestes3

243 1460 478 1496 animalibus
504 1463 666 1496 noxium
695 1466 977 1510 praeterquam
1003 1463 1252 1497 cacuminum
1277 1463 1425 1497 teneri-

244 1530 341 1560 tate.
396 1524 446 1561 ad
480 1524 650 1573 reliquos
686 1538 777 1561 usus
812 1524 1004 1562 laboriose
1039 1524 1221 1562 evellitur
1253 1527 1422 1562 ocreatis

241 1588 417 1625 cruribus
453 1601 652 1637 manuque
688 1591 811 1625 textis
846 1592 1008 1626 manicis
1042 1588 1267 1634 convoluta,
1300 1591 1422 1626 osseis

243 1651 445 1702 iligneisve
478 1655 738 1695 conamentis,
772 1666 874 1690 nunc
906 1656 985 1690 iam
1017 1656 1056 1690 in
1089 1652 1263 1690 hiemem
1295 1655 1420 1697 iuxta,

580 1758 591 1776 ¹
618 1758 793 1798 Mayhoff:
820 1757 928 1789 bonor
943 1759 1059 1791 etiam.

577 1801 589 1820 ¹
614 1801 790 1842 Mayhoff:
815 1801 909 1833 dato.

348 1979 361 1992 ⁸
385 1975 412 2005 A
430 1975 511 2006 kind
529 1973 568 2004 os
582 1974 712 2011 broom,
728 1974 787 2005 the
805 1974 985 2006 botanists'
1004 1974 1103 2015 θῆρα
1118 1975 1341 2008 temisen‘ma.

239 2053 308 2100 43⁶
