1486 2359
90 509 150 540 127

92 881 152 911 12³

93 1315 153 1347 125»

95 1638 154 1669 130

379 155 571 192 PLINY:
620 153 882 192 NATURAL
919 153 1155 192 HISTORY

177 264 286 296 certe
303 258 395 294 faba
412 257 603 300 dicendis,
620 257 780 307 quando
796 256 894 293 alius
912 269 1003 293 usus
1020 258 1288 306 praestantior
1301 254 1360 292 his

178 333 256 356 non
295 325 368 356 est.
423 325 518 356 ante
556 321 688 355 omnia
726 330 900 368 namque
937 320 1089 354 cunctis
1127 317 1361 354 animalibus

178 387 408 424 nascuntur,
449 393 520 417 nec
560 383 599 416 in
639 382 856 416 novissimis
895 382 1046 416 satiant
1085 381 1182 415 ruris
1221 379 1360 416 alitum

179 456 337 493 quoque
383 455 547 493 genera,
593 445 799 491 magisque
846 444 875 478 si
922 441 1199 491 decoquantur
1244 454 1360 491 aqua.

179 504 444 554 quadripedes
464 510 506 541 et
526 503 665 540 fronde
686 517 821 540 eorum
841 502 1036 553 gaudent,
1056 508 1098 539 et
1116 501 1264 539 homini
1285 516 1361 539 non

179 569 329 603 minore
357 568 593 615 rapiciorum
620 567 698 602 suis
726 564 829 601 horis
855 567 985 615 gratia
1005 577 1125 614 quam
1144 577 1362 614 cymarum,

179 628 411 664 flavidorum
452 640 611 677 quoque
652 632 693 663 et
734 629 772 663 in
813 625 961 663 horreis
1002 631 1261 662 enecatorum
1301 625 1361 662 vel

179 693 327 726 maiore
350 703 471 739 quam
494 691 718 726 virentium.
774 691 859 737 ipsa
883 702 974 725 vero
997 688 1144 725 durant
1167 693 1209 724 et
1231 689 1270 724 in
1293 701 1362 724 sua

177 757 285 788 terra
305 757 461 788 servata
483 757 524 788 et
543 757 685 801 postea
704 763 820 800 passa
839 763 969 799 paene
989 749 1040 786 ad
1059 749 1179 785 alium
1198 762 1363 799 proven-

178 819 279 856 tum,
319 813 549 862 famemque
590 814 726 849 sentiri
767 811 993 861 prohibent.
1048 823 1071 847 a
1112 813 1201 848 vino
1241 816 1363 861 atque

179 889 307 911 messe
332 877 475 912 tertius
502 874 563 911 hie
587 874 867 924 transpadanis
893 873 1056 910 fructus.
1110 878 1260 910 terram
1286 886 1363 910 non

180 950 333 974 morose
350 937 476 987 eligit,
491 950 621 986 paene
638 937 702 972 ubi
719 935 815 972 nihil
831 935 937 973 aliud
952 937 1028 972 seri
1044 937 1180 984 possit.
1210 934 1363 972 nebulis

180 1005 222 1036 et
265 1001 413 1048 pruinis
456 1012 502 1035 ac
545 998 690 1045 frigore
734 997 838 1035 ultro
880 997 1055 1040 aluntur,
1098 996 1364 1046 amplitudine

179 1060 369 1097 mirabili:
407 1061 484 1097 vidi
507 1072 554 1097 XL
574 1060 692 1097 libras
715 1059 968 1096 excedentia.
1023 1061 1063 1095 in
1084 1058 1180 1095 cibis
1204 1058 1363 1108 quidem

180 1126 321 1159 nostris
356 1122 531 1172 pluribus
565 1121 691 1158 modis
724 1120 1070 1163 commendantur,
1103 1120 1331 1170 durantque
1350 1120 1364 1143 ¹

180 1187 355 1221 acetaria
373 1185 387 1207 ²
414 1187 560 1234 sinapis
588 1186 801 1221 acrimonia
829 1183 995 1226 domita,
1022 1185 1145 1219 etiam
1172 1181 1365 1220 coloribus

181 1249 287 1296 pis-ta
303 1252 465 1296 praeter
478 1260 594 1283 suum
608 1259 679 1282 sex
695 1245 793 1289 aliis,
808 1257 1008 1295 purpureo
1024 1257 1205 1294 quoque:
1234 1257 1365 1294 neque

181 1311 287 1347 aliud
321 1314 359 1347 in
392 1311 487 1347 cibis
520 1313 650 1361 tingui
683 1310 814 1347 decet.
869 1322 1019 1360 genera
1053 1321 1190 1345 eorum
1223 1307 1364 1345 Graeci

180 1376 260 1412 duo
284 1378 410 1425 prima
436 1375 582 1418 fecere,
607 1374 870 1411 masculinum
895 1373 1226 1423 femininumque,
1251 1378 1294 1410 et
1318 1386 1365 1410 ea

179 1440 336 1477 serendi
353 1440 516 1477 modum
531 1439 547 1463 ³
564 1452 613 1476 ex
632 1439 773 1476 eodem
791 1441 942 1476 semine
959 1437 1163 1481 docuere‚⁴
1185 1437 1366 1475 densiore

182 1507 287 1541 enim
305 1510 395 1541 satu
415 1503 717 1547 masculescere‚
736 1506 833 1540 item
852 1505 892 1539 in
910 1509 1017 1539 terra
1035 1501 1192 1539 difficili.
1227 1515 1364 1538 semen

181 1571 451 1618 praestantius
468 1582 546 1619 quo
561 1567 744 1606 subtilius
759 1580 766 1611 ;
796 1570 947 1617 species
964 1580 1056 1604 vero
1071 1568 1247 1603 omnium
1261 1571 1343 1603 tres
1357 1577 1367 1609 ;

181 1639 251 1670 aut
278 1635 382 1669 enim
410 1635 449 1669 in
474 1632 732 1670 latitudinem
760 1632 886 1680 fundi,
912 1637 982 1669 aut
1009 1630 1363 1680 inssrotvunditatem

181 1697 356 1747 globari;
390 1700 554 1734 tertiam
583 1699 758 1747 speciem
788 1696 1010 1734 silvestrem
1036 1695 1302 1746 appellavere,
1326 1697 1363 1732 in

183 1761 472 1812 longitudinem
491 1761 624 1798 radice
643 1766 902 1811 procurrente
921 1759 1088 1810 raphani
1108 1759 1365 1797 similitudine

497 1880 508 1898 ¹
531 1879 781 1919 aduruntque'!
807 1879 1042 1919 li'arminylon.

494 1923 507 1942 ²
530 1924 704 1954 acetaria?
723 1922 897 1962 Ahzthss:
923 1922 966 1952 ad
983 1922 1059 1953 alia..

494 1965 507 1983 ⁸
536 1965 688 1998 Urliche:
714 1965 818 1997 modi.
863 1999 880 2002 Δ,

493 2009 507 2027 ⁴
529 2009 673 2040 docuero
688 2009 763 2040 add.
781 2007 958 2040 Beck-ham.

177 2099 246 2135 270
