<?xml version="1.0" encoding="UTF-8"?>
<!DOCTYPE html PUBLIC "-//W3C//DTD XHTML 1.0 Transitional//EN"
    "http://www.w3.org/TR/xhtml1/DTD/xhtml1-transitional.dtd">
<html xmlns="http://www.w3.org/1999/xhtml" xml:lang="en" lang="en">
 <head>
  <title>
</title>
<meta http-equiv="Content-Type" content="text/html;charset=utf-8" />
  <meta name='ocr-system' content='tesseract 3.04.00' />
  <meta name='ocr-capabilities' content='ocr_page ocr_carea ocr_par ocr_line ocrx_word'/>
</head>
<body>
  <div class='ocr_page' id='page_1' title='image "./naturalhistory05plinuoft/naturalhistory05plinuoft_0460.png"; bbox 0 0 1486 2359; ppageno 0'>
   <div class='ocr_carea' id='block_1_1' title="bbox 451 164 1218 203">
    <p class='ocr_par' dir='ltr' id='par_1_1' title="bbox 451 164 1218 203">
     <span class='ocr_line' id='line_1_1' title="bbox 451 164 1218 203; baseline 0.003 -4"><span class='ocrx_word' id='word_1_1' title='bbox 451 164 639 201; x_wconf 76' lang='lat' dir='ltr'>PLINY:</span> <span class='ocrx_word' id='word_1_2' title='bbox 683 165 945 202; x_wconf 80' lang='lat' dir='ltr'>NA&#39;I&#39;URAL</span> <span class='ocrx_word' id='word_1_3' title='bbox 983 165 1218 203; x_wconf 87' lang='lat' dir='ltr'>HISTORY</span> 
     </span>
    </p>
   </div>
   <div class='ocr_carea' id='block_1_2' title="bbox 174 268 1428 1733">
    <p class='ocr_par' dir='ltr' id='par_1_2' title="bbox 174 268 1425 576">
     <span class='ocr_line' id='line_1_2' title="bbox 174 268 1425 318; baseline 0.003 -15"><span class='ocrx_word' id='word_1_4' title='bbox 174 273 212 303; x_wconf 86' lang='lat'>41</span> <span class='ocrx_word' id='word_1_5' title='bbox 295 268 341 305; x_wconf 93' lang='lat' dir='ltr'>Id</span> <span class='ocrx_word' id='word_1_6' title='bbox 363 268 469 318; x_wconf 82' lang='lat' dir='ltr'>apud</span> <span class='ocrx_word' id='word_1_7' title='bbox 491 274 671 306; x_wconf 83' lang='lat' dir='ltr'>auctores</span> <span class='ocrx_word' id='word_1_8' title='bbox 694 269 888 306; x_wconf 82' lang='lat' dir='ltr'>Graeciae</span> <span class='ocrx_word' id='word_1_9' title='bbox 912 269 1178 306; x_wconf 82' lang='lat' dir='ltr'>certissimosl</span> <span class='ocrx_word' id='word_1_10' title='bbox 1203 271 1425 307; x_wconf 89' lang='lat' dir='ltr'>invenimus</span> 
     </span>
     <span class='ocr_line' id='line_1_3' title="bbox 244 332 1425 383; baseline 0.001 -14"><span class='ocrx_word' id='word_1_11' title='bbox 244 339 381 369; x_wconf 87' lang='lat' dir='ltr'>natum</span> <span class='ocrx_word' id='word_1_12' title='bbox 409 333 534 369; x_wconf 85' lang='lat' dir='ltr'>imbre</span> <span class='ocrx_word' id='word_1_13' title='bbox 561 335 674 383; x_wconf 90' lang='lat' dir='ltr'>piceo</span> <span class='ocrx_word' id='word_1_14' title='bbox 701 339 868 383; x_wconf 91' lang='lat' dir='ltr'>repente</span> <span class='ocrx_word' id='word_1_15' title='bbox 895 332 1124 370; x_wconf 87' lang='lat' dir='ltr'>madefacta</span> <span class='ocrx_word' id='word_1_16' title='bbox 1151 333 1295 370; x_wconf 92' lang='lat' dir='ltr'>tellure</span> <span class='ocrx_word' id='word_1_17' title='bbox 1321 336 1425 371; x_wconf 81' lang='lat' dir='ltr'>circa</span> 
     </span>
     <span class='ocr_line' id='line_1_4' title="bbox 244 396 1420 448; baseline 0.002 -15"><span class='ocrx_word' id='word_1_18' title='bbox 244 397 509 447; x_wconf 83' lang='lat' dir='ltr'><strong>Hesperidum</strong></span> <span class='ocrx_word' id='word_1_19' title='bbox 559 396 693 434; x_wconf 87' lang='lat' dir='ltr'>hortos</span> <span class='ocrx_word' id='word_1_20' title='bbox 743 396 972 448; x_wconf 79' lang='lat' dir='ltr'>Syrtimque</span> <span class='ocrx_word' id='word_1_21' title='bbox 1022 400 1213 434; x_wconf 90' lang='lat' dir='ltr'>maiorem</span> <span class='ocrx_word' id='word_1_22' title='bbox 1263 403 1420 448; x_wconf 82' lang='lat' dir='ltr'>septem</span> 
     </span>
     <span class='ocr_line' id='line_1_5' title="bbox 245 461 1423 512; baseline 0.002 -15"><span class='ocrx_word' id='word_1_23' title='bbox 245 464 355 498; x_wconf 83' lang='lat' dir='ltr'>annis</span> <span class='ocrx_word' id='word_1_24' title='bbox 379 466 473 498; x_wconf 92' lang='lat' dir='ltr'>ante</span> <span class='ocrx_word' id='word_1_25' title='bbox 497 461 687 512; x_wconf 85' lang='lat' dir='ltr'>oppidum</span> <span class='ocrx_word' id='word_1_26' title='bbox 713 461 973 512; x_wconf 83' lang='lat' dir='ltr'>Cyrenarum,</span> <span class='ocrx_word' id='word_1_27' title='bbox 994 461 1099 512; x_wconf 92' lang='lat' dir='ltr'>quod</span> <span class='ocrx_word' id='word_1_28' title='bbox 1126 461 1332 499; x_wconf 88' lang='lat' dir='ltr'>conditum</span> <span class='ocrx_word' id='word_1_29' title='bbox 1361 467 1423 500; x_wconf 88' lang='lat' dir='ltr'>est</span> 
     </span>
     <span class='ocr_line' id='line_1_6' title="bbox 243 522 1421 576; baseline 0.001 -14"><span class='ocrx_word' id='word_1_30' title='bbox 243 526 348 562; x_wconf 87' lang='lat' dir='ltr'>urbis</span> <span class='ocrx_word' id='word_1_31' title='bbox 378 532 536 563; x_wconf 88' lang='lat' dir='ltr'>nostrae</span> <span class='ocrx_word' id='word_1_32' title='bbox 566 539 669 563; x_wconf 86' lang='lat' dir='ltr'>anno</span> <span class='ocrx_word' id='word_1_33' title='bbox 698 538 838 570; x_wconf 77' lang='lat' dir='ltr'>ch1113</span> <span class='ocrx_word' id='word_1_34' title='bbox 877 528 955 563; x_wconf 90' lang='lat' dir='ltr'>vim</span> <span class='ocrx_word' id='word_1_35' title='bbox 984 532 1121 563; x_wconf 91' lang='lat' dir='ltr'>autern</span> <span class='ocrx_word' id='word_1_36' title='bbox 1150 525 1257 563; x_wconf 90' lang='lat' dir='ltr'>illam</span> <span class='ocrx_word' id='word_1_37' title='bbox 1287 539 1359 576; x_wconf 89' lang='lat' dir='ltr'>per</span> <span class='ocrx_word' id='word_1_38' title='bbox 1382 522 1421 564; x_wconf 62' lang='grc' dir='ltr'><strong><em>ἦ</em></strong></span> 
     </span>
    </p>

    <p class='ocr_par' dir='ltr' id='par_1_3' title="bbox 174 590 1427 897">
     <span class='ocr_line' id='line_1_7' title="bbox 174 590 1425 641; baseline 0.002 -16"><span class='ocrx_word' id='word_1_39' title='bbox 174 595 215 624; x_wconf 80' lang='grc'>42</span> <span class='ocrx_word' id='word_1_40' title='bbox 241 590 415 627; x_wconf 83' lang='lat' dir='ltr'>stadium</span> <span class='ocrx_word' id='word_1_41' title='bbox 448 590 609 627; x_wconf 78' lang='lat' dir='ltr'>Africae</span> <span class='ocrx_word' id='word_1_42' title='bbox 642 590 833 634; x_wconf 79' lang='lat' dir='ltr'>valuisse;</span> <span class='ocrx_word' id='word_1_43' title='bbox 879 593 919 627; x_wconf 90' lang='lat' dir='ltr'>in</span> <span class='ocrx_word' id='word_1_44' title='bbox 952 603 1001 627; x_wconf 91' lang='lat' dir='ltr'>ea</span> <span class='ocrx_word' id='word_1_45' title='bbox 1032 590 1284 640; x_wconf 87' lang='lat' dir='ltr'>laserpicium</span> <span class='ocrx_word' id='word_1_46' title='bbox 1316 593 1425 641; x_wconf 86' lang='lat' dir='ltr'>gigni</span> 
     </span>
     <span class='ocr_line' id='line_1_8' title="bbox 242 654 1425 699; baseline 0.001 -8"><span class='ocrx_word' id='word_1_47' title='bbox 242 654 415 698; x_wconf 85' lang='lat' dir='ltr'>solitum,</span> <span class='ocrx_word' id='word_1_48' title='bbox 440 668 524 692; x_wconf 90' lang='lat' dir='ltr'>rem</span> <span class='ocrx_word' id='word_1_49' title='bbox 550 654 675 691; x_wconf 88' lang='lat' dir='ltr'>feram</span> <span class='ocrx_word' id='word_1_50' title='bbox 701 668 746 692; x_wconf 88' lang='lat' dir='ltr'>ac</span> <span class='ocrx_word' id='word_1_51' title='bbox 770 660 1049 692; x_wconf 80' lang='lat' dir='ltr'>contumacem</span> <span class='ocrx_word' id='word_1_52' title='bbox 1075 660 1132 698; x_wconf 88' lang='lat' dir='ltr'>et,</span> <span class='ocrx_word' id='word_1_53' title='bbox 1156 657 1187 691; x_wconf 89' lang='lat' dir='ltr'>si</span> <span class='ocrx_word' id='word_1_54' title='bbox 1212 654 1425 699; x_wconf 80' lang='lat' dir='ltr'>coleretur,</span> 
     </span>
     <span class='ocr_line' id='line_1_9' title="bbox 243 718 1427 770; baseline 0.001 -15"><span class='ocrx_word' id='word_1_55' title='bbox 243 721 282 755; x_wconf 89' lang='lat' dir='ltr'>in</span> <span class='ocrx_word' id='word_1_56' title='bbox 307 719 467 756; x_wconf 86' lang='lat' dir='ltr'>deserta</span> <span class='ocrx_word' id='word_1_57' title='bbox 492 719 730 770; x_wconf 78' lang='lat' dir='ltr'>fugientem,</span> <span class='ocrx_word' id='word_1_58' title='bbox 754 719 886 756; x_wconf 82' lang='lat' dir='ltr'>radice</span> <span class='ocrx_word' id='word_1_59' title='bbox 912 719 1038 756; x_wconf 86' lang='lat' dir='ltr'>multa</span> <span class='ocrx_word' id='word_1_60' title='bbox 1062 732 1290 768; x_wconf 87' lang='lat' dir='ltr'>crassaque,</span> <span class='ocrx_word' id='word_1_61' title='bbox 1313 718 1427 756; x_wconf 84' lang='lat' dir='ltr'>caule</span> 
     </span>
     <span class='ocr_line' id='line_1_10' title="bbox 243 781 1426 834; baseline 0 -14"><span class='ocrx_word' id='word_1_62' title='bbox 243 783 442 820; x_wconf 89' lang='lat' dir='ltr'>ferulaceo</span> <span class='ocrx_word' id='word_1_63' title='bbox 471 797 516 820; x_wconf 83' lang='lat' dir='ltr'>ac</span> <span class='ocrx_word' id='word_1_64' title='bbox 545 783 661 820; x_wconf 86' lang='lat' dir='ltr'>simili</span> <span class='ocrx_word' id='word_1_65' title='bbox 689 783 964 820; x_wconf 85' lang='lat' dir='ltr'>crassitudine.</span> <span class='ocrx_word' id='word_1_66' title='bbox 1018 781 1134 819; x_wconf 90' lang='lat' dir='ltr'>huius</span> <span class='ocrx_word' id='word_1_67' title='bbox 1156 782 1249 820; x_wconf 91' lang='lat' dir='ltr'>folia</span> <span class='ocrx_word' id='word_1_68' title='bbox 1272 796 1426 834; x_wconf 87' lang='lat' dir='ltr'>maspe-</span> 
     </span>
     <span class='ocr_line' id='line_1_11' title="bbox 242 846 1427 897; baseline 0 -13"><span class='ocrx_word' id='word_1_69' title='bbox 242 854 329 884; x_wconf 90' lang='lat' dir='ltr'>tum</span> <span class='ocrx_word' id='word_1_70' title='bbox 346 848 556 891; x_wconf 84' lang='lat' dir='ltr'>vocabant,</span> <span class='ocrx_word' id='word_1_71' title='bbox 570 850 660 897; x_wconf 85' lang='lat' dir='ltr'>apio</span> <span class='ocrx_word' id='word_1_72' title='bbox 676 850 849 884; x_wconf 79' lang='lat' dir='ltr'>maxime</span> <span class='ocrx_word' id='word_1_73' title='bbox 865 847 1029 891; x_wconf 81' lang='lat' dir='ltr'>similia3</span> <span class='ocrx_word' id='word_1_74' title='bbox 1057 860 1194 884; x_wconf 89' lang='lat' dir='ltr'>semen</span> <span class='ocrx_word' id='word_1_75' title='bbox 1211 853 1298 884; x_wconf 88' lang='lat' dir='ltr'>erat</span> <span class='ocrx_word' id='word_1_76' title='bbox 1317 846 1427 885; x_wconf 87' lang='lat' dir='ltr'>folia-</span> 
     </span>
    </p>

    <p class='ocr_par' dir='ltr' id='par_1_4' title="bbox 174 911 1428 1413">
     <span class='ocr_line' id='line_1_12' title="bbox 174 911 1427 962; baseline 0.002 -15"><span class='ocrx_word' id='word_1_77' title='bbox 174 918 215 948; x_wconf 87' lang='lat'>43</span> <span class='ocrx_word' id='word_1_78' title='bbox 243 925 372 955; x_wconf 88' lang='lat' dir='ltr'>ceum,</span> <span class='ocrx_word' id='word_1_79' title='bbox 406 912 544 949; x_wconf 86' lang='lat' dir='ltr'>folium</span> <span class='ocrx_word' id='word_1_80' title='bbox 578 915 707 962; x_wconf 91' lang='lat' dir='ltr'>ipsum</span> <span class='ocrx_word' id='word_1_81' title='bbox 742 925 834 949; x_wconf 82' lang='lat' dir='ltr'>vere</span> <span class='ocrx_word' id='word_1_82' title='bbox 867 911 1093 949; x_wconf 90' lang='lat' dir='ltr'>deciduum.</span> <span class='ocrx_word' id='word_1_83' title='bbox 1149 914 1251 949; x_wconf 91' lang='lat' dir='ltr'>vesci</span> <span class='ocrx_word' id='word_1_84' title='bbox 1284 924 1427 961; x_wconf 83' lang='lat' dir='ltr'>pecora</span> 
     </span>
     <span class='ocr_line' id='line_1_13' title="bbox 243 976 1426 1027; baseline 0 -14"><span class='ocrx_word' id='word_1_85' title='bbox 243 976 373 1020; x_wconf 84' lang='lat' dir='ltr'>solita,</span> <span class='ocrx_word' id='word_1_86' title='bbox 413 979 620 1027; x_wconf 89' lang='lat' dir='ltr'>primoque</span> <span class='ocrx_word' id='word_1_87' title='bbox 661 978 836 1027; x_wconf 83' lang='lat' dir='ltr'>purgari,</span> <span class='ocrx_word' id='word_1_88' title='bbox 876 989 968 1012; x_wconf 89' lang='lat' dir='ltr'>mox</span> <span class='ocrx_word' id='word_1_89' title='bbox 1007 978 1268 1026; x_wconf 84' lang='lat' dir='ltr'>pinguescere</span> <span class='ocrx_word' id='word_1_90' title='bbox 1307 989 1426 1013; x_wconf 88' lang='lat' dir='ltr'>carne</span> 
     </span>
     <span class='ocr_line' id='line_1_14' title="bbox 243 1039 1427 1090; baseline -0.001 -13"><span class='ocrx_word' id='word_1_91' title='bbox 243 1040 464 1077; x_wconf 83' lang='lat' dir='ltr'>mirabilem</span> <span class='ocrx_word' id='word_1_92' title='bbox 503 1043 542 1078; x_wconf 93' lang='lat' dir='ltr'>in</span> <span class='ocrx_word' id='word_1_93' title='bbox 581 1040 743 1077; x_wconf 88' lang='lat' dir='ltr'>modum</span> <span class='ocrx_word' id='word_1_94' title='bbox 783 1039 969 1077; x_wconf 89' lang='lat' dir='ltr'>iucunda.</span> <span class='ocrx_word' id='word_1_95' title='bbox 1024 1045 1114 1090; x_wconf 89' lang='lat' dir='ltr'>post</span> <span class='ocrx_word' id='word_1_96' title='bbox 1153 1039 1247 1076; x_wconf 88' lang='lat' dir='ltr'>folia</span> <span class='ocrx_word' id='word_1_97' title='bbox 1284 1042 1427 1077; x_wconf 84' lang='lat' dir='ltr'>amissa</span> 
     </span>
     <span class='ocr_line' id='line_1_15' title="bbox 243 1103 1426 1155; baseline 0.001 -14"><span class='ocrx_word' id='word_1_98' title='bbox 243 1104 355 1142; x_wconf 84' lang='lat' dir='ltr'>caule</span> <span class='ocrx_word' id='word_1_99' title='bbox 382 1107 466 1155; x_wconf 88' lang='lat' dir='ltr'>ipso</span> <span class='ocrx_word' id='word_1_100' title='bbox 494 1111 537 1142; x_wconf 88' lang='lat' dir='ltr'>et</span> <span class='ocrx_word' id='word_1_101' title='bbox 564 1104 743 1142; x_wconf 90' lang='lat' dir='ltr'>homines</span> <span class='ocrx_word' id='word_1_102' title='bbox 771 1105 1036 1142; x_wconf 84' lang='lat' dir='ltr'>vescebantur</span> <span class='ocrx_word' id='word_1_103' title='bbox 1061 1103 1186 1141; x_wconf 88' lang='lat' dir='ltr'>modis</span> <span class='ocrx_word' id='word_1_104' title='bbox 1213 1104 1426 1142; x_wconf 75' lang='lat' dir='ltr'>omnibus²</span> 
     </span>
     <span class='ocr_line' id='line_1_16' title="bbox 244 1169 1428 1219; baseline 0.001 -14"><span class='ocrx_word' id='word_1_105' title='bbox 244 1169 424 1214; x_wconf 85' lang='lat' dir='ltr'>decocto,</span> <span class='ocrx_word' id='word_1_106' title='bbox 457 1169 562 1207; x_wconf 87' lang='lat' dir='ltr'>elixo</span> <span class='ocrx_word' id='word_1_107' title='bbox 594 1169 795 1219; x_wconf 83' lang='lat' dir='ltr'>assoque,³</span> <span class='ocrx_word' id='word_1_108' title='bbox 827 1182 964 1206; x_wconf 89' lang='lat' dir='ltr'>eorum</span> <span class='ocrx_word' id='word_1_109' title='bbox 997 1182 1156 1219; x_wconf 91' lang='lat' dir='ltr'>quoque</span> <span class='ocrx_word' id='word_1_110' title='bbox 1187 1181 1351 1219; x_wconf 85' lang='lat' dir='ltr'>corpora</span> <span class='ocrx_word' id='word_1_111' title='bbox 1381 1181 1428 1206; x_wconf 76' lang='lat' dir='ltr'>XL</span> 
     </span>
     <span class='ocr_line' id='line_1_17' title="bbox 245 1232 1427 1284; baseline 0.002 -15"><span class='ocrx_word' id='word_1_112' title='bbox 245 1236 378 1283; x_wconf 85' lang='lat' dir='ltr'>primis</span> <span class='ocrx_word' id='word_1_113' title='bbox 403 1234 544 1271; x_wconf 89' lang='lat' dir='ltr'>diebus</span> <span class='ocrx_word' id='word_1_114' title='bbox 568 1240 782 1284; x_wconf 84' lang='lat' dir='ltr'>purgante.</span> <span class='ocrx_word' id='word_1_115' title='bbox 831 1246 946 1271; x_wconf 87' lang='lat' dir='ltr'>sucus</span> <span class='ocrx_word' id='word_1_116' title='bbox 970 1233 1124 1270; x_wconf 90' lang='lat' dir='ltr'>duobus</span> <span class='ocrx_word' id='word_1_117' title='bbox 1148 1232 1274 1270; x_wconf 91' lang='lat' dir='ltr'>modis</span> <span class='ocrx_word' id='word_1_118' title='bbox 1296 1235 1427 1283; x_wconf 85' lang='lat' dir='ltr'>capie-</span> 
     </span>
     <span class='ocr_line' id='line_1_18' title="bbox 244 1296 1428 1348; baseline 0.001 -15"><span class='ocrx_word' id='word_1_119' title='bbox 244 1297 375 1342; x_wconf 71' lang='lat' dir='ltr'>batur,</span> <span class='ocrx_word' id='word_1_120' title='bbox 391 1311 412 1335; x_wconf 92' lang='lat' dir='ltr'>e</span> <span class='ocrx_word' id='word_1_121' title='bbox 427 1299 561 1335; x_wconf 83' lang='lat' dir='ltr'>radice</span> <span class='ocrx_word' id='word_1_122' title='bbox 577 1304 700 1348; x_wconf 87' lang='lat' dir='ltr'>atque</span> <span class='ocrx_word' id='word_1_123' title='bbox 716 1298 844 1342; x_wconf 89' lang='lat' dir='ltr'>caule,</span> <span class='ocrx_word' id='word_1_124' title='bbox 860 1304 902 1334; x_wconf 90' lang='lat' dir='ltr'>et</span> <span class='ocrx_word' id='word_1_125' title='bbox 916 1296 1016 1334; x_wconf 87' lang='lat' dir='ltr'>haec</span> <span class='ocrx_word' id='word_1_126' title='bbox 1031 1297 1110 1334; x_wconf 94' lang='lat' dir='ltr'>duo</span> <span class='ocrx_word' id='word_1_127' title='bbox 1125 1303 1239 1334; x_wconf 85' lang='lat' dir='ltr'>erant</span> <span class='ocrx_word' id='word_1_128' title='bbox 1254 1299 1428 1342; x_wconf 89' lang='lat' dir='ltr'>nomina,</span> 
     </span>
     <span class='ocr_line' id='line_1_19' title="bbox 240 1361 1426 1413; baseline -0.002 -13"><span class='ocrx_word' id='word_1_129' title='bbox 240 1363 353 1411; x_wconf 81' lang='grc' dir='ltr'>ῥιζίας</span> <span class='ocrx_word' id='word_1_130' title='bbox 377 1368 501 1413; x_wconf 89' lang='lat' dir='ltr'>atque</span> <span class='ocrx_word' id='word_1_131' title='bbox 522 1365 687 1407; x_wconf 82' lang='grc' dir='ltr'>καυλίας,</span> <span class='ocrx_word' id='word_1_132' title='bbox 708 1362 819 1400; x_wconf 79' lang='lat' dir='ltr'>vilior</span> <span class='ocrx_word' id='word_1_133' title='bbox 847 1362 915 1399; x_wconf 90' lang='lat' dir='ltr'>illo</span> <span class='ocrx_word' id='word_1_134' title='bbox 938 1375 984 1399; x_wconf 86' lang='lat' dir='ltr'>ac</span> <span class='ocrx_word' id='word_1_135' title='bbox 1007 1367 1252 1412; x_wconf 89' lang='lat' dir='ltr'>putrescens.</span> <span class='ocrx_word' id='word_1_136' title='bbox 1305 1361 1426 1399; x_wconf 87' lang='lat' dir='ltr'>radici</span> 
     </span>
    </p>

    <p class='ocr_par' dir='ltr' id='par_1_5' title="bbox 175 1426 1427 1671">
     <span class='ocr_line' id='line_1_20' title="bbox 175 1426 1427 1477; baseline 0.002 -16"><span class='ocrx_word' id='word_1_137' title='bbox 175 1431 217 1461; x_wconf 84' lang='grc'>44</span> <span class='ocrx_word' id='word_1_138' title='bbox 243 1432 381 1464; x_wconf 86' lang='lat' dir='ltr'>cortex</span> <span class='ocrx_word' id='word_1_139' title='bbox 410 1430 534 1477; x_wconf 84' lang='lat' dir='ltr'>niger.</span> <span class='ocrx_word' id='word_1_140' title='bbox 590 1427 641 1464; x_wconf 88' lang='lat' dir='ltr'>ad</span> <span class='ocrx_word' id='word_1_141' title='bbox 670 1430 811 1464; x_wconf 89' lang='lat' dir='ltr'>mercis</span> <span class='ocrx_word' id='word_1_142' title='bbox 840 1426 1037 1464; x_wconf 86' lang='lat' dir='ltr'>adulteria</span> <span class='ocrx_word' id='word_1_143' title='bbox 1065 1439 1202 1464; x_wconf 87' lang='lat' dir='ltr'>sucum</span> <span class='ocrx_word' id='word_1_144' title='bbox 1232 1428 1359 1476; x_wconf 91' lang='lat' dir='ltr'>ipsum</span> <span class='ocrx_word' id='word_1_145' title='bbox 1387 1428 1427 1463; x_wconf 92' lang='lat' dir='ltr'>in</span> 
     </span>
     <span class='ocr_line' id='line_1_21' title="bbox 244 1490 1427 1529; baseline 0.001 -2"><span class='ocrx_word' id='word_1_146' title='bbox 244 1504 337 1528; x_wconf 87' lang='lat' dir='ltr'>vasa</span> <span class='ocrx_word' id='word_1_147' title='bbox 362 1494 560 1529; x_wconf 87' lang='lat' dir='ltr'>coiectum</span> <span class='ocrx_word' id='word_1_148' title='bbox 585 1491 766 1529; x_wconf 78' lang='lat' dir='ltr'>admixto</span> <span class='ocrx_word' id='word_1_149' title='bbox 790 1490 942 1528; x_wconf 87' lang='lat' dir='ltr'>furfure</span> <span class='ocrx_word' id='word_1_150' title='bbox 968 1490 1136 1528; x_wconf 91' lang='lat' dir='ltr'>subinde</span> <span class='ocrx_word' id='word_1_151' title='bbox 1164 1490 1427 1528; x_wconf 87' lang='lat' dir='ltr'>concutiendo</span> 
     </span>
     <span class='ocr_line' id='line_1_22' title="bbox 244 1554 1427 1605; baseline 0 -13"><span class='ocrx_word' id='word_1_152' title='bbox 244 1555 295 1592; x_wconf 83' lang='lat' dir='ltr'>ad</span> <span class='ocrx_word' id='word_1_153' title='bbox 313 1558 590 1594; x_wconf 82' lang='lat' dir='ltr'>maturitatem</span> <span class='ocrx_word' id='word_1_154' title='bbox 610 1555 901 1605; x_wconf 84' lang='lat' dir='ltr'>perducebant,</span> <span class='ocrx_word' id='word_1_155' title='bbox 920 1558 960 1592; x_wconf 87' lang='lat' dir='ltr'>ni</span> <span class='ocrx_word' id='word_1_156' title='bbox 979 1557 1036 1592; x_wconf 89' lang='lat' dir='ltr'>ita</span> <span class='ocrx_word' id='word_1_157' title='bbox 1055 1554 1257 1599; x_wconf 85' lang='lat' dir='ltr'>fecissent,</span> <span class='ocrx_word' id='word_1_158' title='bbox 1274 1560 1427 1604; x_wconf 88' lang='lat' dir='ltr'>putres-</span> 
     </span>
     <span class='ocr_line' id='line_1_23' title="bbox 243 1618 1426 1671; baseline -0.001 -14"><span class='ocrx_word' id='word_1_159' title='bbox 243 1625 415 1657; x_wconf 87' lang='lat' dir='ltr'>centem.</span> <span class='ocrx_word' id='word_1_160' title='bbox 471 1626 753 1671; x_wconf 85' lang='lat' dir='ltr'>argumentum</span> <span class='ocrx_word' id='word_1_161' title='bbox 771 1625 859 1656; x_wconf 88' lang='lat' dir='ltr'>erat</span> <span class='ocrx_word' id='word_1_162' title='bbox 876 1621 1121 1656; x_wconf 88' lang='lat' dir='ltr'>maturitatis</span> <span class='ocrx_word' id='word_1_163' title='bbox 1136 1618 1240 1657; x_wconf 92' lang='lat' dir='ltr'>colos</span> <span class='ocrx_word' id='word_1_164' title='bbox 1256 1621 1426 1656; x_wconf 80' lang='lat' dir='ltr'>siccitas-</span> 
     </span>
    </p>

    <p class='ocr_par' dir='ltr' id='par_1_6' title="bbox 175 1683 1425 1733">
     <span class='ocr_line' id='line_1_24' title="bbox 175 1683 1425 1733; baseline 0 -13"><span class='ocrx_word' id='word_1_165' title='bbox 175 1688 216 1717; x_wconf 86' lang='lat'>45</span> <span class='ocrx_word' id='word_1_166' title='bbox 245 1696 322 1733; x_wconf 91' lang='lat' dir='ltr'>que</span> <span class='ocrx_word' id='word_1_167' title='bbox 361 1684 503 1722; x_wconf 88' lang='lat' dir='ltr'>sudore</span> <span class='ocrx_word' id='word_1_168' title='bbox 544 1684 667 1721; x_wconf 86' lang='lat' dir='ltr'>finito.</span> <span class='ocrx_word' id='word_1_169' title='bbox 723 1683 787 1720; x_wconf 85' lang='lat' dir='ltr'>alii</span> <span class='ocrx_word' id='word_1_170' title='bbox 816 1683 983 1721; x_wconf 85' lang='lat' dir='ltr'>tradunt</span> <span class='ocrx_word' id='word_1_171' title='bbox 1020 1683 1213 1733; x_wconf 85' lang='lat' dir='ltr'>laserpicii</span> <span class='ocrx_word' id='word_1_172' title='bbox 1252 1683 1425 1721; x_wconf 87' lang='lat' dir='ltr'>radicem</span> 
     </span>
    </p>
   </div>
   <div class='ocr_carea' id='block_1_3' title="bbox 251 1768 1426 1940">
    <p class='ocr_par' dir='ltr' id='par_1_7' title="bbox 296 1768 1424 1810">
     <span class='ocr_line' id='line_1_25' title="bbox 296 1768 1424 1810; baseline -0.002 -9"><span class='ocrx_word' id='word_1_173' title='bbox 296 1769 305 1787; x_wconf 88' lang='lat'><em>¹</em></span> <span class='ocrx_word' id='word_1_174' title='bbox 332 1769 488 1810; x_wconf 76' lang='lat' dir='ltr'>Mayhoff</span> <span class='ocrx_word' id='word_1_175' title='bbox 497 1781 503 1800; x_wconf 77' lang='lat' dir='ltr'><strong><em>z</em></strong></span> <span class='ocrx_word' id='word_1_176' title='bbox 517 1769 636 1801; x_wconf 77' lang='lat' dir='ltr'>cuidcn</span> <span class='ocrx_word' id='word_1_177' title='bbox 642 1770 790 1801; x_wconf 71' lang='lat' dir='ltr'>tissimos</span> <span class='ocrx_word' id='word_1_178' title='bbox 800 1774 857 1800; x_wconf 72' lang='grc' dir='ltr'>αιιι</span> <span class='ocrx_word' id='word_1_179' title='bbox 870 1769 1085 1800; x_wconf 74' lang='lat' dir='ltr'>ventissimos</span> <span class='ocrx_word' id='word_1_180' title='bbox 1094 1773 1152 1799; x_wconf 80' lang='grc' dir='ltr'>αηι</span> <span class='ocrx_word' id='word_1_181' title='bbox 1164 1768 1424 1800; x_wconf 70' lang='lat' dir='ltr'>vetustissimos.</span> 
     </span>
    </p>

    <p class='ocr_par' dir='ltr' id='par_1_8' title="bbox 251 1811 1426 1897">
     <span class='ocr_line' id='line_1_26' title="bbox 295 1811 1426 1851; baseline -0.001 -7"><span class='ocrx_word' id='word_1_182' title='bbox 295 1813 307 1831; x_wconf 83' lang='lat'><em>²</em></span> <span class='ocrx_word' id='word_1_183' title='bbox 330 1813 440 1844; x_wconf 86' lang='lat' dir='ltr'>modis</span> <span class='ocrx_word' id='word_1_184' title='bbox 467 1812 602 1851; x_wconf 78' lang='lat' dir='ltr'>(umhis,</span> <span class='ocrx_word' id='word_1_185' title='bbox 630 1812 763 1848; x_wconf 81' lang='lat' dir='ltr'>umhos,</span> <span class='ocrx_word' id='word_1_186' title='bbox 790 1812 884 1843; x_wconf 84' lang='lat' dir='ltr'>uiciis</span> <span class='ocrx_word' id='word_1_187' title='bbox 909 1816 967 1843; x_wconf 79' lang='lat' dir='ltr'>aut</span> <span class='ocrx_word' id='word_1_188' title='bbox 989 1812 1063 1843; x_wconf 72' lang='lat' dir='ltr'>sim.</span> <span class='ocrx_word' id='word_1_189' title='bbox 1087 1812 1170 1849; x_wconf 81' lang='lat' dir='ltr'>cdd.)</span> <span class='ocrx_word' id='word_1_190' title='bbox 1194 1811 1353 1843; x_wconf 86' lang='lat' dir='ltr'>omnibus</span> <span class='ocrx_word' id='word_1_191' title='bbox 1374 1811 1426 1843; x_wconf 26' lang='lat' dir='ltr'>hvic</span> 
     </span>
     <span class='ocr_line' id='line_1_27' title="bbox 251 1854 826 1897; baseline -0.002 -11"><span class='ocrx_word' id='word_1_192' title='bbox 251 1854 407 1896; x_wconf 78' lang='lat' dir='ltr'>Mayhoff</span> <span class='ocrx_word' id='word_1_193' title='bbox 419 1868 425 1886; x_wconf 95' lang='lat'>:</span> <span class='ocrx_word' id='word_1_194' title='bbox 454 1856 545 1896; x_wconf 74' lang='lat' dir='ltr'>infra.</span> <span class='ocrx_word' id='word_1_195' title='bbox 562 1861 632 1896; x_wconf 76' lang='lat' dir='ltr'>pos!</span> <span class='ocrx_word' id='word_1_196' title='bbox 649 1858 826 1897; x_wconf 81' lang='lat' dir='ltr'>purgante.</span> 
     </span>
    </p>

    <p class='ocr_par' dir='ltr' id='par_1_9' title="bbox 293 1899 789 1940">
     <span class='ocr_line' id='line_1_28' title="bbox 293 1899 789 1940; baseline -0.002 -10"><span class='ocrx_word' id='word_1_197' title='bbox 293 1899 306 1917; x_wconf 83' lang='lat'>³</span> <span class='ocrx_word' id='word_1_198' title='bbox 330 1899 505 1939; x_wconf 78' lang='lat' dir='ltr'>Mayhoff:</span> <span class='ocrx_word' id='word_1_199' title='bbox 531 1909 674 1940; x_wconf 83' lang='lat' dir='ltr'>assoque</span> <span class='ocrx_word' id='word_1_200' title='bbox 691 1899 789 1929; x_wconf 83' lang='lat' dir='ltr'>elixo.</span> 
     </span>
    </p>
   </div>
   <div class='ocr_carea' id='block_1_4' title="bbox 365 2028 1289 2063">
    <p class='ocr_par' dir='ltr' id='par_1_10' title="bbox 365 2028 1289 2063">
     <span class='ocr_line' id='line_1_29' title="bbox 365 2028 1289 2063; baseline -0.001 -1"><span class='ocrx_word' id='word_1_201' title='bbox 365 2035 378 2049; x_wconf 79' lang='lat'><strong>⁰</strong></span> <span class='ocrx_word' id='word_1_202' title='bbox 402 2031 502 2063; x_wconf 90' lang='lat' dir='ltr'>From</span> <span class='ocrx_word' id='word_1_203' title='bbox 522 2031 580 2063; x_wconf 80' lang='lat' dir='ltr'>the</span> <span class='ocrx_word' id='word_1_204' title='bbox 599 2031 707 2063; x_wconf 85' lang='lat' dir='ltr'>Greek</span> <span class='ocrx_word' id='word_1_205' title='bbox 727 2030 835 2062; x_wconf 80' lang='lat' dir='ltr'>words</span> <span class='ocrx_word' id='word_1_206' title='bbox 853 2030 905 2062; x_wconf 82' lang='lat' dir='ltr'>sor</span> <span class='ocrx_word' id='word_1_207' title='bbox 924 2034 931 2046; x_wconf 89' lang='lat'><em>‘</em></span> <span class='ocrx_word' id='word_1_208' title='bbox 943 2034 1019 2062; x_wconf 84' lang='lat' dir='ltr'>root</span> <span class='ocrx_word' id='word_1_209' title='bbox 1033 2029 1040 2041; x_wconf 90' lang='lat'><em>&#39;</em></span> <span class='ocrx_word' id='word_1_210' title='bbox 1060 2030 1128 2062; x_wconf 83' lang='lat' dir='ltr'>and</span> <span class='ocrx_word' id='word_1_211' title='bbox 1147 2028 1289 2062; x_wconf 78' lang='lat' dir='ltr'>‘stalk’.</span> 
     </span>
    </p>
   </div>
   <div class='ocr_carea' id='block_1_5' title="bbox 241 2094 311 2139">
    <p class='ocr_par' dir='ltr' id='par_1_11' title="bbox 241 2094 311 2139">
     <span class='ocr_line' id='line_1_30' title="bbox 241 2094 311 2139; baseline -0.014 0"><span class='ocrx_word' id='word_1_212' title='bbox 241 2094 311 2139; x_wconf 78' lang='lat'>446</span> 
     </span>
    </p>
   </div>
  </div>
 </body>
</html>
