1486 2359
117 622 177 653 264

114 1676 179 1709 266

406 137 595 175 PLINY:
649 136 911 174 NATURAL
950 135 1185 173 HISTORY

205 254 332 291 aquae
366 243 547 290 portione
583 253 726 290 aequa,
760 239 1011 289 ablaqueatis
1046 241 1152 288 prius
1187 238 1384 276 radicibus

205 316 395 366 paulatim
426 315 589 352 adfundi
621 315 773 357 iubens,
803 316 841 350 in
870 313 958 351 olea
987 313 1060 350 hoc
1089 313 1256 364 amplius
1286 319 1385 351 stra-

207 395 350 428 mentis
372 397 466 428 ante
481 392 892 439 circunipositiS‚item
915 389 1010 432 ἦρος
1036 387 1150 426 huius
1171 391 1385 438 praecipue

206 480 296 503 vcre
315 472 462 503 terram
483 466 717 515 adaggerari
737 465 949 508 radicibus,
966 467 1024 500 ita
1043 463 1223 501 futurum
1243 470 1288 501 ut
1307 477 1385 501 non

204 542 391 578 decidant
437 543 558 591 grossi
607 543 810 590 maiorque
856 539 1082 577 fecunditas
1129 552 1202 576 nec
1247 539 1387 576 scabra

206 620 423 666 proveniat.
478 615 592 652 simili
620 616 736 652 modo
761 628 811 651 ne
835 614 1084 652 convolvolus
1111 614 1181 651 fiat
1206 617 1245 651 in
1271 616 1385 651 vinea

205 705 389 729 amurcae
403 694 562 741 congios
577 691 674 727 duos
689 691 857 741 decoqui
872 692 911 726 in
925 689 1227 727 crassitudinem
1244 689 1386 733 mellis,

206 780 416 817 rursusque
453 781 543 804 curn
581 767 785 803 bituminis
823 768 945 802 tertia
982 771 1097 814 parte
1136 771 1179 802 et
1216 764 1386 815 sulpuris

206 849 347 893 quarta
368 843 440 879 sub
460 842 528 878 diu
547 844 676 891 coqui,
697 843 884 891 quoniam
905 840 1143 877 exardescat
1162 840 1235 877 sub
1254 846 1387 884 tecto3

206 917 278 955 hoc
298 920 397 955 vites
415 920 517 954 circa
534 919 668 967 capita
686 930 731 953 ac
750 916 822 953 sub
841 914 1033 953 bracchiis
1053 917 1198 965 ungui:
1232 917 1290 952 ita
1309 928 1387 952 non

206 993 288 1030 fore
308 992 591 1030 convolvolum.
647 991 810 1042 quidam
829 993 1010 1029 contenti
1029 997 1123 1028 sunt
1143 990 1252 1028 fumo
1271 989 1386 1028 huius

206 1072 403 1106 mixturae
422 1068 551 1105 suffire
570 1070 705 1104 vineas
724 1067 898 1104 secundo
917 1065 1017 1103 flatu
1035 1068 1223 1103 continuo
1241 1065 1386 1103 triduo.

159 1152 175 1179 .·
205 1144 383 1194 pl‹¹rique
406 1157 484 1180 non
506 1146 634 1180 minus
656 1142 790 1180 auxilii
814 1148 855 1179 et
877 1141 1056 1178 alimenti
1079 1141 1327 1178 arbitrantur
1347 1143 1387 1178 in

207 1223 316 1256 urina
339 1233 457 1270 quam
479 1218 581 1255 Cato
601 1221 640 1255 in
661 1231 836 1262 amurca,
857 1217 995 1255 addita
1016 1216 1134 1254 modo
1153 1219 1239 1266 pari
1259 1229 1388 1267 aquae

206 1298 401 1345 portione,
436 1296 622 1344 quoniam
656 1307 727 1343 per
760 1306 803 1330 se
837 1293 1014 1330 noceat.¹
1070 1291 1190 1342 aliqui
1230 1291 1386 1330 volucre

206 1370 409 1419 appellant
427 1369 573 1406 animal
589 1369 831 1419 praerodens
848 1368 1114 1418 pubescentes
1132 1380 1226 1405 uvas
1241 1379 1249 1411 ;
1281 1368 1387 1418 quod

207 1460 256 1483 ne
290 1446 458 1489 accidat,
489 1444 611 1482 falces
644 1458 733 1482 curn
767 1447 846 1481 sint
880 1449 1077 1480 exacutae
1112 1442 1250 1479 fibrina
1283 1442 1387 1492 pelle

206 1522 421 1568 detergent
436 1527 559 1570 atque
573 1523 630 1557 ita
643 1526 805 1570 putant,
820 1525 889 1556 aut
903 1521 1096 1569 sanguine
1113 1521 1244 1556 ursino
1259 1517 1386 1555 linunt

207 1603 294 1646 post
327 1599 578 1645 putationem
610 1595 785 1632 easdem.
840 1600 933 1631 sunt
964 1594 1148 1631 arborum
1179 1599 1312 1644 pestes
1344 1599 1386 1631 et

206 1672 392 1709 formicae
407 1684 415 1715 ;
433 1670 504 1708 has
517 1671 685 1722 abigunt
697 1670 852 1707 rubrica
865 1684 910 1707 ac
923 1672 1010 1720 pice
1024 1669 1172 1719 liquida
1185 1671 1386 1719 perunctis

206 1747 448 1791 caudicibus,
469 1759 542 1784 nec
564 1760 642 1783 non
665 1752 706 1783 et
728 1748 834 1796 pisce
856 1758 1046 1795 suspenso
1069 1748 1182 1782 iuxta
1203 1747 1242 1781 in
1264 1757 1386 1781 unum

208 1823 334 1859 locum
359 1828 620 1873 congregant,
643 1827 713 1859 aut
736 1821 871 1871 lupino
893 1823 989 1857 trito
1011 1833 1101 1857 cum
1125 1819 1212 1857 oleo
1234 1819 1386 1857 radices

255 1954 263 1972 ¹
290 1954 440 1994 piei-ique
466 1979 473 1986 .
499 1977 506 1985 .
533 1978 539 1985 .
566 1958 690 1985 nooeat
717 1952 967 1993 tranaponenda
998 1953 1033 1983 in
1056 1951 1072 1992 ξ
1097 1952 1159 1983 262
1179 1954 1256 1992 pos!
1284 1960 1385 1992 saepo

208 1996 322 2028 fodore
339 2002 351 2028 ’.’
392 1997 627 2034 Warminqron.

210 2060 274 2093 182
