1486 2359
116 513 175 544 100

122 982 174 1012 101

125 1527 185 1559 102

405 168 571 207 PLINY
585 183 593 207 t
646 169 909 207 NATURAL
946 168 1183 208 HISTORY

202 273 317 311 simul
338 273 561 311 discolores.
615 272 782 310 tradunt
804 279 846 310 et
866 272 1123 310 monedulam
1143 272 1384 311 condentem

204 354 356 389 semina
379 354 418 388 in
440 350 675 389 thensauros
697 364 958 389 cavernarum
981 350 1161 389 eiusdem
1182 352 1240 389 rei
1267 363 1381 401 prae-

204 430 299 467 bere
319 443 471 467 causas.

253 507 407 544 XXIII.
438 507 540 545 Hinc
563 513 660 545 nata
682 507 898 546 inoculatio
919 510 1095 545 sutoriae
1117 506 1232 545 simili
1256 507 1387 545 fistula

206 586 409 636 aperiendi
434 588 474 622 in
498 586 638 623 arbore
662 585 819 623 oculum
843 588 990 623 cortice
1014 588 1146 623 exciso
1169 598 1388 636 semenque

206 664 432 701 includendi
461 664 603 701 eadem
632 663 763 701 fistula
790 663 993 701 sublatum
1021 677 1070 700 ex
1098 663 1188 701 alia.
1242 666 1282 700 in
1309 663 1388 701 ficis

207 748 250 779 et
283 741 396 779 malis
431 741 530 779 haec
565 741 641 779 fuit
676 741 891 779 inoculatio
925 744 1113 792 antiqua3
1162 740 1389 792 Vergiliana

207 822 363 870 quaerit
408 822 537 856 sinum
580 822 621 856 in
665 820 769 857 nodo
812 821 991 870 germine
1037 818 1190 870 expulsi
1233 820 1390 857 corticis

207 911 489 948 gemmamque
511 911 560 934 ex
581 897 657 934 alia
677 897 818 934 arbore
838 897 1016 935 includit.

256 974 403 1012 XXIV.
436 975 487 1013 Et
509 974 703 1013 hactenus
723 981 868 1012 natura
889 978 973 1026 ipsa
994 974 1143 1019 docuit,
1162 977 1390 1013 insitionem

210 1060 346 1091 autem
366 1067 494 1097 casuS,
513 1057 707 1104 magister
726 1053 824 1091 alius
846 1060 887 1091 et
907 1066 1037 1103 paene
1056 1055 1315 1098 numerosior,
1340 1052 1392 1091 ad

211 1131 315 1169 hunc
340 1132 524 1169 modum:
556 1132 728 1182 agricola
757 1131 916 1169 sedulus
945 1145 1078 1169 casam
1107 1133 1236 1181 saepis
1265 1133 1391 1168 muni-

211 1217 349 1247 mento
369 1213 547 1260 cingens,
567 1224 646 1260 quo
675 1213 803 1247 minus
827 1216 1105 1260 putrescerent
1126 1209 1245 1247 sudes
1271 1209 1392 1247 limen

211 1288 389 1325 subdidit
403 1301 451 1325 ex
468 1288 616 1326 hedera
631 1301 639 1331 ;
669 1294 711 1325 at
726 1288 817 1325 illae
832 1291 956 1325 vivaci
971 1301 1103 1325 morsu
1118 1286 1393 1337 adprehensae

212 1380 323 1404 suam
351 1380 399 1403 ex
427 1367 586 1404 alienal
611 1366 743 1404 fecere
768 1369 892 1404 vitam
916 1369 1182 1416 apparuitque
1208 1371 1393 1404 truncum

212 1458 298 1482 esse
318 1458 389 1494 pro
409 1451 530 1482 terra.
586 1444 767 1482 aufertur
783 1458 878 1495 ergo
894 1457 1001 1481 serra
1018 1443 1244 1494 aequaliter
1258 1455 1394 1494 super-

214 1523 333 1565 ficies,
353 1523 552 1573 levigatur
574 1522 675 1560 falce
699 1529 875 1560 truncus.
930 1525 1032 1559 ratio
1060 1528 1202 1573 postea
1231 1521 1394 1572 duplex,

213 1607 254 1638 et
275 1604 401 1651 prima
422 1604 527 1638 inter
546 1604 735 1639 corticem
764 1601 998 1651 lignumque
1027 1600 1250 1638 inserendi:
1278 1602 1394 1638 time-

212 1679 310 1715 bant
333 1681 446 1729 prisci
466 1685 652 1716 truncum
670 1678 836 1723 findere,
851 1692 943 1716 mox
965 1677 1139 1715 inforare
1156 1680 1240 1715 ausi
1262 1677 1394 1715 medio

214 1759 366 1807 ipsique
389 1759 428 1794 in
452 1771 499 1795 eo
518 1757 718 1795 medullae
736 1757 934 1795 calamum
958 1756 1244 1806 inprimebam,
1271 1768 1393 1794 unum

621 1862 631 1881 ¹
655 1861 719 1894 Ed.
736 1861 841 1894 Hacle.
858 1873 865 1892 ε
891 1861 1011 1893 alieno.

271 1991 285 2005 ⁴¹
302 1986 458 2060 geor-qim
476 1985 524 2018 11.
543 1987 584 2017 74
599 1985 636 2017 ff.
672 1983 684 2004 ⁵
708 1985 747 2016 In
765 1985 824 2016 the
841 1985 1063 2025 microscopic
1077 1983 1174 2025 layer
1188 1993 1267 2016 now
1283 1983 1395 2016 called

222 2039 297 2060 cam
326 2039 404 2060 mm.

215 2101 260 2137 70
