1486 2359
121 564 180 595 180

124 860 180 891 lSl

127 1214 187 1246 182

414 161 602 198 PLINY:
646 160 909 198 NATURAL
946 160 1183 198 HISTORY

207 270 342 301 aratur
367 276 503 300 arvum
529 263 636 313 quod
660 266 756 300 satis
780 262 960 313 frugibus
984 263 1203 300 occandum
1228 268 1316 300 est:
1348 262 1389 300 id

206 323 370 360 demum
390 328 499 359 recte
517 322 728 358 subactum
748 325 823 358 erit
843 322 908 358 ubi
928 335 1006 358 non
1024 321 1283 372 intellegetur
1299 327 1390 359 utro

208 395 344 418 vomer
372 383 474 418 ierit.
529 383 569 417 in
603 394 674 417 usu
711 386 771 418 est
801 386 842 417 et
870 380 1040 418 collicias
1065 383 1334 430 interponere,
1357 382 1388 418 si

208 444 265 477 ita
282 440 389 477 locus
406 446 559 490 poscat,
578 439 768 489 ampliore
786 439 908 484 sulco,
926 452 1028 490 quae
1048 443 1087 476 in
1104 438 1228 476 fossas
1245 434 1394 490 aquam

209 500 393 536 educant.

258 559 451 595 Aratione
469 571 541 608 per
556 564 779 594 traversum
796 561 942 594 iterata
955 559 1106 594 occatio
1119 559 1312 608 sequitur,
1324 557 1392 594 ubi

211 631 271 654 res
292 620 433 667 poscit,
453 623 563 654 erate
585 616 645 653 vel
672 623 813 660 rastro,
834 622 875 654 et
900 622 989 653 sato
1015 619 1167 653 semine
1193 619 1363 654 iteratur
1379 616 1392 640 ¹

211 676 309 713 haec
326 689 500 726 quoque,
517 676 584 712 ubi
601 675 848 713 consuetudo
864 678 1030 725 patitur,
1046 681 1157 712 crate
1171 681 1363 713 contenta
1378 675 1394 699 ²

212 736 273 772 vel
292 735 429 773 tabula
449 741 582 772 aratro
600 735 920 785 adnexa—quod
939 740 1081 771 vocant
1100 734 1395 785 lirare—operi-

212 801 306 832 ente
317 795 333 818 ³
346 797 498 832 semina
512 806 521 837 ;
552 797 590 830 ni
605 797 849 844 operiantur.
863 807 966 843 quae
978 793 995 817 ⁴
1007 796 1179 844 primum
1193 793 1396 844 appellata

211 854 394 891 deliratio
414 859 488 890 cst.
544 859 687 903 quarto
706 855 782 889 seri
801 852 908 889 sulco
928 852 1124 902 Vergilius
1144 855 1397 890 existimatur

212 913 394 957 voluisse,
419 925 510 949 curn
537 912 637 949 dixit
665 915 858 962 optimam
887 924 972 949 esse
999 918 1180 962 segetem
1208 924 1311 962 quae
1335 911 1396 948 bis

212 972 327 1016 soles,
368 972 428 1009 bis
469 971 616 1021 frigora
658 974 858 1008 sensisset.
914 973 1073 1021 spissius
1114 970 1255 1015 solum,
1295 973 1397 1008 sicut

213 1032 448 1082 plerumque
473 1034 513 1068 in
540 1030 671 1075 Italia,
696 1033 836 1081 quinto
860 1029 967 1067 sulco
991 1032 1067 1067 seri
1092 1029 1232 1067 melius
1258 1035 1334 1074 est,
1357 1032 1397 1066 in

214 1091 351 1128 Tuscis
374 1104 466 1127 vero
487 1103 604 1127 nono.
660 1096 702 1126 at
724 1089 860 1126 fabam
884 1096 925 1126 et
947 1091 1087 1126 viciam
1109 1103 1187 1126 non
1208 1091 1398 1139 proscisso

215 1164 345 1187 serere
365 1152 448 1186 sine
467 1149 616 1186 damno
634 1149 900 1199 conpendium
920 1161 1065 1198 operae
1084 1154 1158 1186 est.

266 1209 355 1246 Non
383 1211 618 1245 omittemus
649 1221 769 1244 unam
795 1211 1016 1244 etiamnum
1042 1207 1179 1244 arandi
1203 1209 1398 1244 rationem

216 1271 254 1305 in
281 1268 552 1317 transpadana
580 1267 696 1303 Italia
722 1266 915 1304 bellorum
946 1269 1087 1303 iniuria
1115 1268 1398 1317 excogitatam.

215 1326 359 1364 Salassi
380 1341 471 1364 cum
494 1327 694 1363 subiectos
717 1326 886 1376 Alpibus
909 1325 1250 1375 depopularentur
1271 1338 1400 1376 agros,

215 1389 401 1436 panicum
449 1386 682 1435 miliumque
726 1388 806 1422 iam
853 1397 1084 1422 excrescens
1127 1391 1400 1435 temptavere3

216 1452 428 1495 postquam
475 1445 689 1494 respuebat
736 1450 893 1487 natura,
939 1446 1166 1487 inararunt3
1224 1449 1265 1480 at
1310 1442 1400 1480 illae

216 1518 364 1541 messes
412 1504 701 1554 multiplicatae
747 1503 917 1540 docuere
965 1502 1069 1553 quod
1114 1516 1216 1539 nunc
1258 1508 1399 1539 vocant

218 1571 382 1607 artrare,
399 1563 437 1600 id
455 1569 515 1600 est
532 1569 723 1606 aratrare,
739 1569 783 1599 ut
799 1562 918 1599 credo
938 1568 1034 1599 tunc
1050 1561 1214 1599 dictum.
1264 1560 1336 1599 hoc
1358 1561 1399 1599 fit

422 1650 431 1668 ¹
459 1649 634 1680 Schneider
649 1661 655 1679 :
683 1649 828 1680 iteratio.

421 1694 432 1711 ²
455 1693 599 1723 dentata
615 1692 684 1723 edd.

418 1737 431 1754 ³
455 1735 588 1768 Dulce:
615 1735 815 1776 operiente&

421 1780 433 1798 ⁴
457 1779 490 1809 ni
517 1804 523 1810 .
551 1803 558 1810 .
585 1803 592 1809 .
619 1788 706 1818 quae
725 1777 881 1817 iilaylwff
891 1789 898 1808 ε
925 1777 1200 1818 operianturque.

260 1868 274 1883 ⁶
297 1863 359 1895 Le.
372 1864 534 1900 deliratio,
552 1863 721 1899 delirium,
735 1864 742 1874 ‘
754 1863 855 1903 going
868 1862 918 1893 off
929 1862 987 1893 the
1000 1862 1094 1903 ridge
1107 1862 1126 1899 “,
1145 1872 1212 1893 was
1225 1861 1401 1903 originally

218 1918 260 1940 an
280 1907 499 1948 agricultural
520 1912 607 1938 term
628 1907 786 1945 meaning
809 1906 874 1936 bad
896 1905 1080 1946 ploughing
1101 1906 1135 1936 in
1153 1905 1193 1936 of
1206 1905 1297 1937 seed.

260 1950 272 1968 Α
295 1950 376 1981 This
392 1950 514 1990 Alpine
531 1949 620 1980 tribe
637 1950 670 1980 in
686 1949 745 1980 the
763 1948 825 1980 val
842 1947 989 1979 d‘Aosta
1006 1948 1130 1979 caused
1146 1946 1247 1979 much
1263 1947 1405 1979 {rontier

218 1993 352 2024 trouble
369 1993 455 2024 from
476 1994 535 2025 143
554 2000 618 2024 inc.
633 1991 790 2028 onward3
814 1991 898 2032 they
915 2001 999 2022 were
1017 1990 1135 2032 finally
1151 1990 1403 2022 exterminatori

220 2037 261 2067 25
280 2044 345 2067 ac.

218 2109 287 2144 30²
