1486 2359
132 262 173 292 85

141 1673 182 1702 88

402 148 592 187 PLINY:
643 146 908 185 NATURAL
945 145 1182 184 HISTORY

252 254 339 291 XX.
368 253 503 290 Tritici
516 255 668 290 semine
683 251 834 288 avidius
847 250 999 287 nullum
1013 256 1075 287 est
1088 262 1161 287 nec
1175 249 1282 300 quod
1294 249 1381 299 plus

200 313 379 350 alimenti
417 310 567 349 trahat.
622 311 818 360 siliginem
858 311 1015 359 proprie
1055 309 1222 346 dixerim
1260 311 1380 345 tritici

200 371 360 409 delicias
380 371 486 407 sivel
506 370 678 406 candore
699 381 785 405 esse
807 371 888 404 sive
911 371 1058 404 virtute
1078 370 1159 403 sive
1175 367 1384 417 pondere.²

200 433 438 468 conveniens
482 429 624 465 umidis
668 428 877 471 tractibus,
922 426 1059 476 quales
1105 425 1247 463 Italiae
1289 431 1383 463 sunt

202 495 244 526 et
287 488 441 525 Galliae
489 486 697 530 Comatae,
745 486 816 522 sed
861 491 973 522 trans
1021 484 1143 534 Alpes
1190 487 1231 521 in
1278 483 1384 522 Allo-

202 549 369 598 brogum
414 552 576 583 tanturn
624 545 921 594 Remorumque
969 557 1064 594 agro
1106 545 1307 593 pertinax,
1344 546 1383 580 in

201 608 345 644 ceteris
384 606 436 642 ibi
476 604 657 654 partibus
701 604 861 640 biennio
908 605 948 639 in
994 605 1172 639 triticum
1226 604 1383 639 transit.

202 665 423 702 remedium
458 670 502 700 ut
540 665 772 713 gravissima
807 674 991 712 quaeque
1025 675 1151 712 grana
1190 663 1273 698 eius
1306 674 1384 698 ser—

171 733 175 738 ·
205 730 335 761 antur.
392 738 413 759 e
443 722 597 773 siligine
630 721 870 758 lautissimus
903 723 1016 770 panis
1050 722 1385 770 pistrinarumque

203 796 323 832 opera
343 782 630 819 laudatissima.
687 779 892 830 praecellit
912 782 951 816 in
979 779 1096 816 Italia
1123 782 1154 816 si
1182 778 1387 828 Campana

205 842 301 878 Pisis
339 847 461 877 natae
499 843 734 877 misceatur:
779 839 898 875 rufior
930 837 1012 881 illa,
1044 843 1087 874 at
1121 837 1264 875 Pisana
1295 850 1387 875 can-

204 900 331 938 didior
350 899 686 949 ponderosiorque
707 903 905 934 cretacea.
960 899 1108 933 iustum
1135 902 1197 933 est
1221 909 1243 933 e
1262 909 1387 946 grano

204 960 435 1008 Campanae
469 971 590 1008 quam
623 963 766 993 vocant
798 961 1016 993 castratam
1046 968 1068 992 e
1096 955 1228 992 modio
1258 955 1387 992 redire

204 1020 398 1055 sextarios
453 1023 645 1067 quattuor
698 1015 860 1065 siliginis
914 1014 976 1051 vel
1030 1028 1051 1051 e
1098 1014 1250 1065 gregali
1303 1017 1387 1051 sine

204 1083 428 1114 castratura
455 1078 649 1112 sextarios
677 1077 867 1124 quinque,
893 1080 1105 1123 praeterea
1131 1072 1235 1110 floris
1261 1086 1389 1110 semo-

206 1136 314 1173 dium
342 1141 383 1171 ct
410 1135 561 1177 cibarii,
582 1133 689 1184 quod
714 1133 992 1170 secundarium
1019 1138 1176 1176 vocant,
1195 1135 1388 1169 sextarios

207 1200 411 1245 quattuor,
433 1193 593 1230 furfuris
616 1195 810 1229 sextarios
832 1191 1018 1235 totidem,
1042 1205 1063 1228 e
1087 1190 1229 1228 Pisana
1251 1197 1388 1228 autem

206 1253 368 1304 siliginis
382 1254 576 1289 sextarios
592 1254 782 1301 quinque,
795 1257 930 1287 cetera
946 1252 1056 1299 paria
1069 1256 1174 1287 sunt.
1229 1249 1390 1287 Clusina

207 1313 475 1361 Arretinaque
498 1313 719 1348 etiamnum
740 1312 935 1346 sextarios
956 1309 1118 1359 siliginis
1139 1309 1329 1353 adiciunt,
1350 1311 1390 1346 in

208 1371 366 1420 reliquis·
399 1383 526 1419 pares.
582 1373 613 1406 si
646 1382 738 1405 vero
769 1368 958 1418 pollinem
990 1367 1123 1404 facere
1155 1367 1293 1412 libeat,
1324 1380 1388 1404 Χνι

208 1430 339 1479 pondo
381 1431 493 1479 panis
535 1428 707 1465 redeunt
753 1434 795 1464 et
839 1427 974 1464 cibarii
1021 1439 1068 1463 111
1112 1425 1389 1477 furfurumque

209 1488 419 1525 semodius.
475 1487 604 1524 molae
624 1487 847 1523 discrimine
867 1485 940 1522 hoc
959 1490 1140 1529 constat;
1173 1498 1266 1522 nam
1285 1498 1390 1536 quae

208 1550 309 1584 sicca
329 1547 532 1583 moluntur
552 1545 639 1595 plus
659 1545 813 1582 farinae
834 1544 1023 1588 reddunt,
1038 1557 1142 1594 quae
1162 1543 1265 1581 salsa
1285 1557 1390 1594 aqua

208 1619 343 1655 sparsa
359 1605 629 1642 candidiorem
647 1603 879 1647 medullam,
897 1616 1034 1640 verum
1051 1603 1138 1653 plus
1155 1605 1332 1640 retinent
1349 1605 1388 1640 in

208 1665 371 1701 furfure.
426 1663 597 1701 farinam
612 1677 634 1699 a
650 1663 753 1699 farre
769 1662 918 1699 dictam
934 1664 1093 1699 nomine
1108 1664 1192 1712 ipso
1208 1667 1388 1712 apparet.

208 1723 411 1774 siligineae
446 1722 600 1759 farinae
637 1721 790 1759 modius
827 1720 1005 1758 Gallicae
1040 1733 1088 1758 xx
1123 1720 1242 1758 libras
1276 1723 1388 1771 panis

258 1837 266 1855 ¹
293 1836 362 1867 sive
379 1836 453 1867 add.
474 1835 652 1866 Rackham.

257 1880 269 1898 ²
293 1879 437 1909 candore
455 1879 584 1910 virtute
606 1877 755 1919 pondere
771 1876 819 1908 cd.
844 1877 914 1908 rat.
933 1876 1004 1908 Lae.
1023 1877 1119 1912 3861,
1137 1887 1181 1907 m.
1199 1877 1236 1908 2:
1262 1877 1390 1908 candor

216 1923 373 1958 (eandm-e
389 1921 436 1953 cd.
456 1921 546 1953 Leid.
564 1932 596 1952 n.
618 1921 694 1957 VII,
711 1932 755 1951 m.
775 1922 803 1958 l)
817 1924 869 1951 est
883 1925 917 1951 et
931 1921 1002 1951 sine
1016 1921 1145 1951 virtuto
1157 1920 1228 1951 sine
1240 1920 1388 1961 pondere

215 1965 300 1996 rell.:
326 1976 398 1997 csse
412 1976 474 2005 pro
492 1970 545 1995 est
562 1969 597 1995 et
626 1964 871 2003 Warminfflon:
902 1964 1048 1994 candore
1069 1964 1141 1994 nive
1165 1964 1295 1995 virtute
1317 1964 1388 1995 sive

216 2009 362 2049 pondere
382 2008 543 2049 Mayhoff.

211 2083 280 2115 244
