1486 2359
133 587 173 617 33

132 974 174 1003 :34

404 155 592 193 PLINY:
644 157 907 194 NATURAL
946 157 1181 195 HISTORY

202 259 332 296 villam
355 259 506 296 Luculli
529 272 638 310 ager,
654 273 732 310 quo
748 262 787 296 in
808 273 955 310 genere
977 263 1154 298 censoria
1169 264 1382 311 castigatio

203 331 288 360 erat
318 326 446 360 minus
475 337 587 360 arare
618 337 737 374 quam
763 337 931 361 verrere.
987 338 1060 362 nec
1088 324 1161 362 hoc
1186 328 1270 362 sine
1295 333 1382 363 arte

202 388 375 439 quadam
397 394 471 425 est.
526 390 757 426 novissimus
779 388 910 425 villam
935 391 974 425 in
1004 388 1224 426 Misenensi
1251 393 1382 439 posuit

201 452 244 489 C.
269 452 420 489 Marius
440 465 496 488 vn
522 466 600 489 cos.
622 453 693 489 sed
718 455 860 502 peritia
887 459 1018 490 castra
1044 454 1238 498 metandi,
1258 456 1312 491 sic
1337 461 1383 491 ut

200 523 436 566 conparatos
463 519 499 553 ei
525 522 679 553 ceteros
701 520 824 554 etiam
845 516 951 553 Sulla
975 517 1085 554 Felix
1104 531 1242 555 caecos
1262 517 1383 555 fuisse

200 581 364 618 diceret.
420 583 605 618 convenit
641 594 772 631 neque
806 584 917 618 iuxta
955 581 1119 630 paludes
1157 583 1382 631 ponendam

201 658 286 682 esse
334 658 465 696 neque
512 645 677 682 adverso
719 659 851 689 amne,
897 659 1140 696 quamquam
1186 646 1383 684 Homerus

200 712 359 746 omnino
385 723 405 746 e
419 709 433 732 ¹
455 709 616 746 flumine
637 723 795 760 semper
815 710 1075 747 antelucanas
1101 724 1215 747 auras
1239 711 1384 748 insalu—

200 774 290 811 bres
318 776 518 811 verissime
551 774 731 811 tradidit.
786 780 969 824 spectare
1000 777 1038 811 in
1068 777 1260 812 aestuosis
1289 775 1383 812 locis

200 841 494 888 septentriones
521 838 659 882 debet,
678 839 887 876 meridiem
914 841 954 875 in
974 838 1140 889 frigidis,
1161 841 1200 876 in
1228 845 1383 889 tempe·

201 905 296 939 ratis
318 908 502 939 exortum
524 902 870 953 aequinoctialem.

251 967 349 1017 Agri
365 969 484 1016 ipsius
499 967 656 1004 bonitas
673 967 814 1017 quibus
831 969 1076 1017 argumentis
1092 967 1305 1005 iudicanda
1319 970 1384 1012 sit,

201 1045 444 1082 quamquam
487 1031 537 1069 de
579 1037 713 1069 terrae
756 1045 904 1081 generc
948 1034 1099 1080 optimo
1142 1032 1383 1070 disserentes

200 1096 359 1133 abunde
394 1096 539 1133 dixisse
574 1109 781 1145 possumus
816 1096 954 1140 videri,
989 1098 1211 1133 etiamnum
1245 1102 1383 1134 tamen

199 1160 368 1198 traditas
422 1167 537 1197 notas
589 1160 908 1211 subsignabimus
962 1160 1126 1197 Catonis
1143 1160 1159 1183 ²
1210 1163 1383 1198 maxime

201 1225 351 1261 verbis:
403 1224 605 1262 ‘Ebulum
642 1225 703 1261 vel
741 1238 888 1274 prunus
925 1224 1113 1261 silvestris
1151 1224 1212 1262 vel
1249 1225 1383 1269 rubus,

201 1289 342 1326 bulbus
373 1292 563 1334 minutus,
585 1289 791 1332 trifolium,
814 1288 938 1325 herba
967 1291 1180 1338 pratensis,
1203 1302 1384 1340 quercus,

200 1354 388 1391 silvestris
410 1356 515 1403 pirus
537 1353 744 1404 malusque
767 1353 1016 1391 frumentarii
1038 1353 1108 1391 soli
1130 1359 1265 1398 notae,
1285 1356 1383 1391 item

202 1421 314 1470 nigra
331 1424 439 1456 terra
459 1424 501 1455 et
519 1421 665 1456 cinerei
685 1418 835 1455 coloris.
871 1421 997 1454 omnis
1017 1424 1127 1455 creta
1145 1424 1292 1468 coquet
1311 1421 1381 1456 nisi

200 1496 421 1533 permacra,
451 1483 715 1533 sabulumque
746 1485 818 1519 nisi
849 1482 888 1519 id
920 1485 1043 1519 etiam
1073 1489 1270 1532 pertenue
1300 1489 1384 1526 est;

201 1553 243 1584 et
255 1547 383 1585 multo
395 1547 685 1598 campestribus
700 1550 826 1597 magis
841 1560 961 1597 quam
974 1546 1126 1584 clivosis
1140 1547 1383 1597 respondent

199 1610 371 1650 eadem!

407 1673 415 1691 ¹
442 1683 460 1704 e
476 1673 550 1704 add.
569 1673 637 1704 edd.

410 1718 421 1734 ²
443 1716 648 1748 columellae
667 1715 868 1747 Pintianust
897 1715 1050 1755 Magonis
1071 1715 1176 1746 Klotz.

243 1856 258 1870 ⁶
280 1850 437 1882 Marius's
452 1855 548 1891 great
564 1861 696 1890 enemy.

245 1894 257 1913 ⁶
281 1894 341 1926 Le.
358 1894 511 1925 whether
522 1893 581 1925 the
597 1895 686 1924 river
702 1894 728 1924 is
745 1894 776 1924 in
797 1893 887 1923 front
903 1892 941 1923 os
953 1892 1011 1923 the
1029 1892 1132 1923 house
1149 1902 1186 1923 or
1203 1891 1328 1924 behind
1344 1893 1382 1924 it.

201 1937 260 1968 ΓΜ.
281 1937 320 1969 V.
341 1938 415 1969 469.
463 1937 556 1978 Αὗρη
573 1935 602 1969 δ’
619 1935 656 1967 ἐκ
672 1939 819 1976 ποταμοῦ
837 1935 944 1976 ψυχρὴ
961 1934 1047 1966 πνέει
1064 1934 1144 1976 ἠῶθι
1163 1935 1234 1974 πρό.

277 1980 348 2012 The
365 1991 508 2021 passage
526 1979 654 2020 quoted
673 1979 754 2011 does
770 1983 832 2010 not
848 1989 950 2010 occur
966 1979 999 2010 in
1016 1978 1075 2010 the
1092 1982 1214 2010 extant
1232 1978 1382 2020 writings

200 2024 239 2053 of
252 2023 349 2055 Cato.

201 2095 270 2119 2¹0
