1486 2359
121 278 185 308 254

119 836 182 867 255

119 1532 179 1562 257

117 1950 179 1981 258

421 169 610 207 PLINY:
654 169 917 207 NATURAL
953 169 1190 208 HISTORY

265 273 372 318 Ergo
390 286 510 323 opera
526 287 534 309 ι
566 273 694 310 taleas
713 273 901 311 olivarum
922 287 1069 324 ponere
1089 278 1272 325 ipsasque
1288 273 1394 313 oleas

213 343 474 387 interi-adme,
503 346 632 393 rigare
662 349 778 393 prata
808 346 1046 394 aequinoctii
1078 344 1217 381 diebus
1246 347 1395 395 primis,

210 426 300 449 cum
321 411 445 449 herba
463 416 632 450 creverit
652 415 691 450 in
711 412 906 450 festucam
928 427 1061 451 arcere
1083 427 1220 464 aquas,
1239 417 1392 451 vineam

212 485 445 532 pampinare
474 483 533 532 (et.
561 481 650 520 huic
679 482 743 520 lex
771 496 856 525 sua,
883 497 972 520 cum
1001 486 1178 533 pampini
1206 490 1396 534 quattuor

210 553 355 599 digitos
374 551 623 603 longitudine
643 552 1154 603 expleverint—pampinat
1173 566 1253 590 una
1271 566 1393 604 opera

212 623 426 672 iugerum),
454 628 614 673 segetes
648 625 794 660 iterare
829 624 989 671 (saritur
1023 623 1162 660 dicbus
1200 624 1277 673 xx).
1344 624 1394 660 ab

210 695 461 741 aequinoctio
508 699 662 729 sartura
712 705 851 729 nocere
900 699 941 729 et
990 696 1128 730 vineae
1175 699 1217 730 et
1264 696 1394 744 segeti

211 765 475 799 existimatur.
531 768 571 799 et
597 774 691 799 oves
712 762 869 799 lavandi
890 761 963 799 hoc
985 763 1088 799 idem
1111 769 1271 813 tempus
1293 770 1365 801 est.

261 833 296 868 A
324 831 576 882 vergiliarum
603 838 743 869 exortu
771 833 993 882 significant
1020 832 1179 870 Caesari
1205 833 1395 883 postridie

209 905 355 938 arcturi
397 915 558 939 occasus
602 905 838 945 matutinus,
883 915 927 938 ιιι
972 901 1024 939 id.
1071 902 1169 940 Mai.
1215 902 1394 940 fidiculae

210 977 386 1015 exortus,
413 983 468 1008 xu
495 971 575 1008 kal.
606 971 692 1008 Iun.
719 971 873 1021 capella
901 974 1054 1021 vesperi
1080 972 1261 1010 occidens
1288 978 1331 1010 et
1355 975 1395 1009 in

209 1041 347 1077 Attica
363 1043 483 1077 canis.
541 1053 579 1077 xl
595 1040 676 1078 kal.
694 1040 854 1078 Caesari
873 1040 1029 1078 Orionis
1045 1041 1200 1091 gladius
1217 1041 1395 1079 occidere

210 1113 361 1160 incipit,
378 1123 415 1146 iv
435 1124 526 1147 non.
545 1110 633 1147 Iun.
652 1110 812 1147 Caesari
830 1116 871 1147 et
889 1111 1077 1161 Assyriae
1094 1111 1226 1161 aquila
1243 1114 1393 1162 vesperi

209 1183 346 1224 oritur,
377 1192 433 1216 vn
466 1179 517 1217 id.
551 1186 730 1217 arcturus
762 1183 963 1217 matutino
994 1180 1136 1218 occidit
1170 1180 1325 1225 Italiae,
1356 1193 1393 1218 lv

207 1248 416 1298 delphinus
455 1252 606 1299 vesperi
648 1252 835 1286 exoritur.
894 1262 974 1286 xvn
1014 1250 1092 1287 kal.
1133 1249 1205 1287 Iul.
1239 1250 1394 1300 gladius

210 1318 365 1355 Orionis
386 1322 576 1362 exoritur,
594 1319 700 1369 quod
726 1322 763 1355 in
788 1320 979 1370 Aegypto
1003 1325 1089 1369 post
1115 1319 1392 1370 quadriduum.

209 1402 246 1425 Χι
286 1389 366 1426 kal.
407 1389 584 1426 eiusdem
627 1389 782 1426 Orionis
822 1389 977 1438 gladius
1017 1389 1176 1427 Caesari
1216 1389 1395 1428 occidere

212 1461 371 1508 incipit;
403 1471 475 1495 vm
493 1458 572 1495 kal.
593 1472 684 1496 vero
705 1458 776 1495 Iul.
796 1459 1044 1509 longissimus
1061 1458 1144 1496 dies
1161 1462 1284 1496 totius
1302 1460 1392 1496 anni

208 1534 249 1564 et
296 1542 373 1564 nox
419 1528 649 1565 brevissima
696 1528 906 1565 solstitium
955 1529 1180 1565 conficiunt.
1236 1531 1274 1566 in
1320 1526 1395 1565 hoc

209 1601 400 1648 temporis
429 1598 637 1635 intervallo
667 1601 805 1635 vincae
835 1601 1133 1648 pampinantur,
1159 1603 1321 1636 curatur
1350 1604 1393 1635 ut

209 1670 323 1704 vinea
373 1673 487 1704 vetus
536 1667 659 1704 semel
710 1667 810 1704 fossa
861 1671 926 1710 sit,
974 1668 1032 1704 bis
1082 1667 1258 1711 novella;
1300 1680 1393 1705 oves

207 1737 439 1781 tondentur,
466 1737 643 1787 lupinum
673 1737 915 1774 stercorandi
939 1750 1056 1774 causa
1083 1739 1263 1781 vertitur,
1286 1742 1393 1774 terra

209 1807 486 1856 proscinditur,
511 1810 608 1844 vicia
631 1809 670 1844 in
693 1806 883 1857 pabulum
905 1813 1078 1851 secatur,
1099 1806 1192 1844 faba
1213 1808 1393 1850 metitur,

206 1876 297 1912 dein
317 1877 486 1913 cuditur.

257 1944 379 1982 Prata
403 1949 504 1983 circa
531 1946 610 1983 kal.
639 1946 725 1983 Iun.
751 1946 987 1990 caeduntur,
1013 1959 1180 1996 quorum
1205 1945 1392 1983 facillima

207 2015 384 2065 agricolis
400 2029 494 2053 cura
517 2029 562 2053 ac
585 2018 735 2053 minimi
762 2015 936 2066 inpendii
960 2014 1058 2053 haec
1074 2015 1125 2052 de
1147 2028 1189 2052 se
1214 2014 1390 2064 postulat

205 2106 276 2142 350
