1486 2359
109 578 169 610 135

108 964 169 996 136

107 1351 166 1382 137

405 149 572 187 PLINY
586 162 595 187 ε
638 149 902 188 NATURAL
937 148 1175 188 HISTORY

199 255 352 302 specics
387 266 542 290 summa
571 256 610 290 in
639 253 874 297 latitudine3
918 266 967 291 ea
1003 257 1215 305 contingit,
1254 261 1299 292 ut
1338 258 1378 293 in

198 317 375 361 lactucis,
412 331 503 354 cum
546 321 751 368 coeperint
791 317 963 355 colorem
1005 318 1165 355 trahere
1207 321 1379 369 inposito

199 381 273 418 levi
324 382 512 431 pondere.
567 395 698 432 neque
748 382 812 419 alii
862 381 1153 420 hortensiorum
1204 383 1376 422 latitudo

197 449 343 490 maior;
377 449 416 482 in
435 447 547 484 binos
567 447 690 497 pedcs
710 446 923 497 aliquando
942 460 983 484 se
1003 447 1186 496 pandunt
1206 448 1378 486 multum

198 516 239 547 et
258 510 328 547 soli
348 516 491 547 natura
509 510 756 555 conferente,
775 510 971 562 siquidem
991 513 1031 548 in
1050 511 1263 549 Circeiensi
1282 526 1378 563 agro

196 574 462 624 amplissimae
477 578 727 624 proveniunt.
783 581 876 612 sunt
889 578 957 626 qui
970 575 1086 612 betas
1107 578 1251 625 punico
1273 577 1380 614 malo

197 639 363 676 florente
381 641 533 689 optime
550 642 626 677 seri
645 641 892 683 existiment,
908 639 1115 676 transferri
1133 646 1270 677 autem
1287 654 1377 678 cum

197 705 372 753 quinque
406 703 588 740 foliorum
624 717 709 741 esse
743 706 972 754 coeperint;
1021 707 1121 740 mira
1155 704 1381 742 differentia

196 767 243 817 (si
268 781 360 804 vera
384 768 460 817 est)
484 768 662 805 candidis
686 767 815 805 alvom
840 768 941 812 elici,
966 770 1086 819 nigris
1112 767 1303 813 inhiberi;
1341 776 1382 807 et

195 845 286 868 cum
335 832 507 869 brassica
555 838 832 882 corrumpatur
881 835 921 869 in
970 832 1076 869 dolio
1125 835 1203 870 vini
1251 847 1383 884 sapor,

195 896 369 933 eundcm
386 896 399 919 ¹
427 896 548 934 betae
574 896 677 934 foliis
703 897 894 934 demersis
921 899 1092 934 restitui.

240 960 347 997 XLI.
375 960 472 998 Olus
483 960 712 1011 caulesque,
723 961 865 1011 quibus
877 974 982 998 nunc
994 964 1239 1011 principatus
1250 961 1383 1000 horto-

195 1038 297 1069 rum,
319 1025 425 1075 apud
447 1025 621 1062 Graecos
643 1028 682 1062 in
704 1024 854 1062 honore
878 1025 999 1062 fuisse
1021 1039 1100 1063 non
1122 1029 1291 1076 reperio,
1311 1027 1383 1065 sed

196 1089 298 1126 Cato
310 1089 508 1127 brassicae
526 1092 645 1127 miras
661 1093 769 1127 canit
787 1089 941 1134 laudes,
959 1103 1057 1140 quas
1074 1093 1113 1127 in
1131 1090 1380 1129 medicinae²

195 1152 280 1190 loco
312 1153 537 1191 reddemus.
592 1167 742 1204 genera
775 1157 858 1191 eius
891 1153 1011 1191 facit:
1059 1158 1234 1192 extentis
1266 1155 1382 1200 foliis,

194 1217 308 1255 caule
343 1231 504 1268 magno,
539 1218 707 1256 alteram
742 1221 870 1268 crispo
905 1218 1012 1263 folio,
1047 1232 1167 1269 quam
1202 1222 1382 1270 apiacam

194 1288 354 1326 vocant,
381 1285 546 1320 tertiam
580 1285 746 1320 minutis
780 1283 973 1327 caulibus,
1007 1282 1151 1328 levem,
1183 1289 1382 1330 teneram,

194 1349 438 1397 minimeque
458 1347 614 1396 probat.
668 1347 841 1384 brassica
860 1353 949 1385 toto
977 1360 1080 1384 anno
1107 1350 1265 1393 seritur,
1285 1363 1382 1399 quo-

195 1413 302 1447 niam
321 1417 363 1448 et
380 1417 468 1448 toto
485 1417 659 1455 secatur,
678 1411 886 1449 utilissime
902 1417 1042 1449 tamen
1059 1412 1110 1449 ab
1128 1415 1382 1463 aequinoctio

195 1477 401 1519 autumni;
437 1475 759 1526 transferturque
783 1489 874 1513 cum
898 1478 1074 1526 quinque
1097 1475 1281 1514 foliorum
1305 1484 1379 1516 est.

195 1553 353 1590 cymam
378 1553 400 1576 a
424 1542 551 1589 prima
575 1542 731 1577 satione
754 1546 936 1590 praestat
960 1543 1141 1590 proxima
1165 1554 1279 1585 vere;
1317 1541 1380 1580 hic

196 1610 258 1641 est
289 1604 451 1654 quidam
482 1607 655 1653 ipsorum
685 1604 857 1641 caulium
888 1604 1095 1642 delicatior
1123 1608 1380 1657 teneriorque

193 1667 424 1712 cauliculus,
440 1668 568 1718 Apicii
592 1668 773 1706 luxuriae
790 1674 832 1706 et
853 1682 926 1719 per
948 1682 1039 1706 eum
1064 1669 1194 1706 Druso
1216 1669 1377 1708 Caesari

431 1763 441 1781 ¹
465 1762 614 1794 eudem?
633 1762 809 1803 Mayhoff:
835 1762 955 1794 eodem
971 1768 1029 1794 aut
1045 1763 1195 1795 odorem.

429 1805 441 1824 ²
465 1805 678 1838 medicinae?
698 1806 736 1837 M
739 1805 854 1847 ayhoss
865 1818 872 1836 ι
898 1806 1067 1838 medendi.

238 1938 254 1953 ⁶
277 1933 426 1974 Perhaps
439 1933 508 1964 this
521 1943 589 1964 was
602 1943 645 1964 an
658 1933 821 1974 accepted
835 1937 922 1964 term
936 1933 988 1964 for
999 1933 1086 1965 stale
1098 1935 1183 1966 wine
1196 1934 1377 1978 beginning

196 1977 337 2051 mahggg
353 1987 374 2060 g
392 1977 528 2051 Πῦεὶὶοιὲ.
540 1976 607 2008 like
623 1975 683 2008 the
700 1980 791 2008 tuate
807 1976 846 2008 of
860 1976 1142 2018 cabbage-water.

196 2082 265 2128 508
