<?xml version="1.0" encoding="UTF-8"?>
<!DOCTYPE html PUBLIC "-//W3C//DTD XHTML 1.0 Transitional//EN"
    "http://www.w3.org/TR/xhtml1/DTD/xhtml1-transitional.dtd">
<html xmlns="http://www.w3.org/1999/xhtml" xml:lang="en" lang="en">
 <head>
  <title>
</title>
<meta http-equiv="Content-Type" content="text/html;charset=utf-8" />
  <meta name='ocr-system' content='tesseract 3.04.00' />
  <meta name='ocr-capabilities' content='ocr_page ocr_carea ocr_par ocr_line ocrx_word'/>
</head>
<body>
  <div class='ocr_page' id='page_1' title='image "./naturalhistory05plinuoft/naturalhistory05plinuoft_0490.png"; bbox 0 0 1486 2359; ppageno 0'>
   <div class='ocr_carea' id='block_1_1' title="bbox 133 415 174 445">
    <p class='ocr_par' dir='ltr' id='par_1_1' title="bbox 133 415 174 445">
     <span class='ocr_line' id='line_1_1' title="bbox 133 415 174 445; baseline 0.024 -1"><span class='ocrx_word' id='word_1_1' title='bbox 133 415 174 445; x_wconf 75' lang='lat'>86</span> 
     </span>
    </p>
   </div>
   <div class='ocr_carea' id='block_1_2' title="bbox 131 1532 171 1561">
    <p class='ocr_par' dir='ltr' id='par_1_2' title="bbox 131 1532 171 1561">
     <span class='ocr_line' id='line_1_2' title="bbox 131 1532 171 1561; baseline 0.025 -1"><span class='ocrx_word' id='word_1_2' title='bbox 131 1532 171 1561; x_wconf 71' lang='lat'>88</span> 
     </span>
    </p>
   </div>
   <div class='ocr_carea' id='block_1_3' title="bbox 409 164 1178 202">
    <p class='ocr_par' dir='ltr' id='par_1_3' title="bbox 409 164 1178 202">
     <span class='ocr_line' id='line_1_3' title="bbox 409 164 1178 202; baseline 0 0"><span class='ocrx_word' id='word_1_3' title='bbox 409 165 600 202; x_wconf 85' lang='lat' dir='ltr'><strong>PLINY:</strong></span> <span class='ocrx_word' id='word_1_4' title='bbox 642 164 906 202; x_wconf 87' lang='lat' dir='ltr'>NATURAL</span> <span class='ocrx_word' id='word_1_5' title='bbox 942 164 1178 202; x_wconf 89' lang='lat' dir='ltr'>HISTORY</span> 
     </span>
    </p>
   </div>
   <div class='ocr_carea' id='block_1_4' title="bbox 199 267 1386 1786">
    <p class='ocr_par' dir='ltr' id='par_1_4' title="bbox 200 267 1386 1506">
     <span class='ocr_line' id='line_1_4' title="bbox 252 267 1384 318; baseline 0.001 -12"><span class='ocrx_word' id='word_1_6' title='bbox 252 268 403 306; x_wconf 86' lang='lat' dir='ltr'>Crudos</span> <span class='ocrx_word' id='word_1_7' title='bbox 419 268 563 306; x_wconf 90' lang='lat' dir='ltr'>medici</span> <span class='ocrx_word' id='word_1_8' title='bbox 578 268 750 305; x_wconf 81' lang='lat' dir='ltr'><strong>suadent</strong></span> <span class='ocrx_word' id='word_1_9' title='bbox 766 268 817 305; x_wconf 84' lang='lat' dir='ltr'>ad</span> <span class='ocrx_word' id='word_1_10' title='bbox 832 267 1055 318; x_wconf 84' lang='lat' dir='ltr'>colligenda</span> <span class='ocrx_word' id='word_1_11' title='bbox 1070 271 1176 306; x_wconf 87' lang='lat' dir='ltr'>acria</span> <span class='ocrx_word' id='word_1_12' title='bbox 1191 271 1384 307; x_wconf 82' lang='lat' dir='ltr'>viscerum</span> 
     </span>
     <span class='ocr_line' id='line_1_5' title="bbox 201 338 1385 389; baseline 0.001 -13"><span class='ocrx_word' id='word_1_13' title='bbox 201 353 290 376; x_wconf 81' lang='lat' dir='ltr'>cum</span> <span class='ocrx_word' id='word_1_14' title='bbox 317 339 398 375; x_wconf 83' lang='lat' dir='ltr'>sale</span> <span class='ocrx_word' id='word_1_15' title='bbox 425 338 577 375; x_wconf 87' lang='lat' dir='ltr'>dandos</span> <span class='ocrx_word' id='word_1_16' title='bbox 605 351 704 382; x_wconf 88' lang='lat' dir='ltr'>esse,</span> <span class='ocrx_word' id='word_1_17' title='bbox 731 344 854 388; x_wconf 80' lang='lat' dir='ltr'>atque</span> <span class='ocrx_word' id='word_1_18' title='bbox 880 340 937 375; x_wconf 88' lang='lat' dir='ltr'>ita</span> <span class='ocrx_word' id='word_1_19' title='bbox 963 339 1245 376; x_wconf 84' lang='lat' dir='ltr'>vomitionibus</span> <span class='ocrx_word' id='word_1_20' title='bbox 1271 352 1385 389; x_wconf 85' lang='lat' dir='ltr'>prae-</span> 
     </span>
     <span class='ocr_line' id='line_1_6' title="bbox 200 407 1385 458; baseline 0.002 -13"><span class='ocrx_word' id='word_1_21' title='bbox 200 414 344 458; x_wconf 88' lang='lat' dir='ltr'>parant</span> <span class='ocrx_word' id='word_1_22' title='bbox 364 414 556 445; x_wconf 88' lang='lat' dir='ltr'>meatum.</span> <span class='ocrx_word' id='word_1_23' title='bbox 610 408 777 445; x_wconf 85' lang='lat' dir='ltr'>tradunt</span> <span class='ocrx_word' id='word_1_24' title='bbox 798 413 840 445; x_wconf 86' lang='lat' dir='ltr'>et</span> <span class='ocrx_word' id='word_1_25' title='bbox 859 407 1098 458; x_wconf 81' lang='lat' dir='ltr'>praecordiis</span> <span class='ocrx_word' id='word_1_26' title='bbox 1119 411 1385 447; x_wconf 87' lang='lat' dir='ltr'>necessarium</span> 
     </span>
     <span class='ocr_line' id='line_1_7' title="bbox 202 477 1386 528; baseline 0.002 -14"><span class='ocrx_word' id='word_1_27' title='bbox 202 478 305 516; x_wconf 88' lang='lat' dir='ltr'>hunc</span> <span class='ocrx_word' id='word_1_28' title='bbox 325 492 476 522; x_wconf 90' lang='lat' dir='ltr'>sucum,</span> <span class='ocrx_word' id='word_1_29' title='bbox 497 478 658 528; x_wconf 83' lang='lat' dir='ltr'>quando</span> <span class='ocrx_word' id='word_1_30' title='bbox 681 478 891 527; x_wconf 86' lang='grc' dir='ltr'>φθειρίασιν</span> <span class='ocrx_word' id='word_1_31' title='bbox 911 478 1019 515; x_wconf 89' lang='lat' dir='ltr'>cordi</span> <span class='ocrx_word' id='word_1_32' title='bbox 1045 480 1151 515; x_wconf 90' lang='lat' dir='ltr'>intus</span> <span class='ocrx_word' id='word_1_33' title='bbox 1177 477 1386 516; x_wconf 83' lang='lat' dir='ltr'>inhaeren-</span> 
     </span>
     <span class='ocr_line' id='line_1_8' title="bbox 200 547 1385 599; baseline 0.001 -14"><span class='ocrx_word' id='word_1_34' title='bbox 200 554 285 585; x_wconf 85' lang='lat' dir='ltr'>tem</span> <span class='ocrx_word' id='word_1_35' title='bbox 299 561 376 585; x_wconf 90' lang='lat' dir='ltr'>non</span> <span class='ocrx_word' id='word_1_36' title='bbox 390 548 466 584; x_wconf 86' lang='lat' dir='ltr'>alio</span> <span class='ocrx_word' id='word_1_37' title='bbox 478 550 654 597; x_wconf 85' lang='lat' dir='ltr'>potuisse</span> <span class='ocrx_word' id='word_1_38' title='bbox 668 547 815 597; x_wconf 86' lang='lat' dir='ltr'><strong>depelli</strong></span> <span class='ocrx_word' id='word_1_39' title='bbox 827 553 1064 598; x_wconf 89' lang='lat' dir='ltr'>conpertum</span> <span class='ocrx_word' id='word_1_40' title='bbox 1077 550 1129 585; x_wconf 89' lang='lat' dir='ltr'>sit</span> <span class='ocrx_word' id='word_1_41' title='bbox 1142 550 1181 584; x_wconf 92' lang='lat' dir='ltr'>in</span> <span class='ocrx_word' id='word_1_42' title='bbox 1194 548 1385 599; x_wconf 85' lang='lat' dir='ltr'>Aegypto</span> 
     </span>
     <span class='ocr_line' id='line_1_9' title="bbox 202 616 1384 668; baseline 0.002 -14"><span class='ocrx_word' id='word_1_43' title='bbox 202 618 359 668; x_wconf 84' lang='lat' dir='ltr'>regibus</span> <span class='ocrx_word' id='word_1_44' title='bbox 393 630 557 667; x_wconf 84' lang='lat' dir='ltr'>corpora</span> <span class='ocrx_word' id='word_1_45' title='bbox 591 622 838 654; x_wconf 86' lang='lat' dir='ltr'>mortuorum</span> <span class='ocrx_word' id='word_1_46' title='bbox 873 616 924 654; x_wconf 92' lang='lat' dir='ltr'>ad</span> <span class='ocrx_word' id='word_1_47' title='bbox 957 617 1191 654; x_wconf 87' lang='lat' dir='ltr'>scrutandos</span> <span class='ocrx_word' id='word_1_48' title='bbox 1226 618 1384 656; x_wconf 88' lang='lat' dir='ltr'>morbos</span> 
     </span>
     <span class='ocr_line' id='line_1_10' title="bbox 202 686 1384 737; baseline 0.002 -13"><span class='ocrx_word' id='word_1_49' title='bbox 202 688 482 725; x_wconf 88' lang='lat' dir='ltr'>insecantibus.</span> <span class='ocrx_word' id='word_1_50' title='bbox 537 693 674 737; x_wconf 92' lang='lat' dir='ltr'>atque,</span> <span class='ocrx_word' id='word_1_51' title='bbox 694 692 738 723; x_wconf 90' lang='lat' dir='ltr'>ut</span> <span class='ocrx_word' id='word_1_52' title='bbox 758 692 819 724; x_wconf 84' lang='lat' dir='ltr'>est</span> <span class='ocrx_word' id='word_1_53' title='bbox 839 686 994 724; x_wconf 86' lang='lat' dir='ltr'>Graeca</span> <span class='ocrx_word' id='word_1_54' title='bbox 1014 690 1182 732; x_wconf 83' lang='lat' dir='ltr'>vanitas,</span> <span class='ocrx_word' id='word_1_55' title='bbox 1200 687 1328 725; x_wconf 87' lang='lat' dir='ltr'>fertur</span> <span class='ocrx_word' id='word_1_56' title='bbox 1345 690 1384 726; x_wconf 90' lang='lat' dir='ltr'>in</span> 
     </span>
     <span class='ocr_line' id='line_1_11' title="bbox 200 756 1385 807; baseline 0.001 -13"><span class='ocrx_word' id='word_1_57' title='bbox 200 757 352 807; x_wconf 82' lang='lat' dir='ltr'>templo</span> <span class='ocrx_word' id='word_1_58' title='bbox 373 757 565 807; x_wconf 83' lang='lat' dir='ltr'>Apollinis</span> <span class='ocrx_word' id='word_1_59' title='bbox 588 756 756 806; x_wconf 86' lang='lat' dir='ltr'>Delphis</span> <span class='ocrx_word' id='word_1_60' title='bbox 777 756 879 794; x_wconf 88' lang='lat' dir='ltr'>adeo</span> <span class='ocrx_word' id='word_1_61' title='bbox 899 759 1042 794; x_wconf 84' lang='lat' dir='ltr'>ceteris</span> <span class='ocrx_word' id='word_1_62' title='bbox 1063 758 1159 794; x_wconf 87' lang='lat' dir='ltr'>cibis</span> <span class='ocrx_word' id='word_1_63' title='bbox 1180 757 1385 807; x_wconf 84' lang='lat' dir='ltr'>praelatus</span> 
     </span>
     <span class='ocr_line' id='line_1_12' title="bbox 200 826 1385 879; baseline 0.002 -15"><span class='ocrx_word' id='word_1_64' title='bbox 200 827 399 877; x_wconf 78' lang='lat' dir='ltr'>raphanus</span> <span class='ocrx_word' id='word_1_65' title='bbox 428 833 472 864; x_wconf 93' lang='lat' dir='ltr'>ut</span> <span class='ocrx_word' id='word_1_66' title='bbox 501 840 550 864; x_wconf 88' lang='lat' dir='ltr'>ex</span> <span class='ocrx_word' id='word_1_67' title='bbox 579 840 674 864; x_wconf 88' lang='lat' dir='ltr'>auro</span> <span class='ocrx_word' id='word_1_68' title='bbox 702 826 971 871; x_wconf 80' lang='lat' dir='ltr'>dedicaretur,</span> <span class='ocrx_word' id='word_1_69' title='bbox 999 826 1095 864; x_wconf 86' lang='lat' dir='ltr'>beta</span> <span class='ocrx_word' id='word_1_70' title='bbox 1124 839 1173 864; x_wconf 87' lang='lat' dir='ltr'>ex</span> <span class='ocrx_word' id='word_1_71' title='bbox 1202 833 1385 879; x_wconf 89' lang='lat' dir='ltr'>argento,</span> 
     </span>
     <span class='ocr_line' id='line_1_13' title="bbox 200 896 1383 948; baseline 0.001 -14"><span class='ocrx_word' id='word_1_72' title='bbox 200 910 341 948; x_wconf 89' lang='lat' dir='ltr'>rapum</span> <span class='ocrx_word' id='word_1_73' title='bbox 384 910 433 934; x_wconf 83' lang='lat' dir='ltr'>ex</span> <span class='ocrx_word' id='word_1_74' title='bbox 475 896 650 947; x_wconf 90' lang='lat' dir='ltr'>plumbo.</span> <span class='ocrx_word' id='word_1_75' title='bbox 704 898 823 934; x_wconf 89' lang='lat' dir='ltr'>scires</span> <span class='ocrx_word' id='word_1_76' title='bbox 866 909 945 934; x_wconf 89' lang='lat' dir='ltr'>non</span> <span class='ocrx_word' id='word_1_77' title='bbox 986 896 1040 933; x_wconf 92' lang='lat' dir='ltr'>ibi</span> <span class='ocrx_word' id='word_1_78' title='bbox 1081 899 1266 948; x_wconf 90' lang='lat' dir='ltr'>genitum</span> <span class='ocrx_word' id='word_1_79' title='bbox 1310 896 1383 935; x_wconf 89' lang='lat' dir='ltr'>M&#39;.</span> 
     </span>
     <span class='ocr_line' id='line_1_14' title="bbox 200 964 1384 1017; baseline 0 -13"><span class='ocrx_word' id='word_1_80' title='bbox 200 967 362 1004; x_wconf 88' lang='lat' dir='ltr'>Curium</span> <span class='ocrx_word' id='word_1_81' title='bbox 378 969 676 1017; x_wconf 83' lang='lat' dir='ltr'>imperatorem,</span> <span class='ocrx_word' id='word_1_82' title='bbox 693 979 813 1016; x_wconf 90' lang='lat' dir='ltr'>quem</span> <span class='ocrx_word' id='word_1_83' title='bbox 829 966 879 1002; x_wconf 88' lang='lat' dir='ltr'>ab</span> <span class='ocrx_word' id='word_1_84' title='bbox 895 964 1069 1003; x_wconf 90' lang='lat' dir='ltr'>hostium</span> <span class='ocrx_word' id='word_1_85' title='bbox 1085 966 1229 1017; x_wconf 86' lang='lat' dir='ltr'>legatis</span> <span class='ocrx_word' id='word_1_86' title='bbox 1245 980 1384 1004; x_wconf 90' lang='lat' dir='ltr'>aurum</span> 
     </span>
     <span class='ocr_line' id='line_1_15' title="bbox 200 1035 1385 1086; baseline 0.001 -13"><span class='ocrx_word' id='word_1_87' title='bbox 200 1037 458 1086; x_wconf 86' lang='lat' dir='ltr'>repudiaturo</span> <span class='ocrx_word' id='word_1_88' title='bbox 490 1036 764 1073; x_wconf 83' lang='lat' dir='ltr'>adferentibus</span> <span class='ocrx_word' id='word_1_89' title='bbox 797 1048 938 1086; x_wconf 86' lang='lat' dir='ltr'>rapum</span> <span class='ocrx_word' id='word_1_90' title='bbox 970 1041 1193 1073; x_wconf 84' lang='lat' dir='ltr'>torrentem</span> <span class='ocrx_word' id='word_1_91' title='bbox 1226 1038 1266 1073; x_wconf 91' lang='lat' dir='ltr'>in</span> <span class='ocrx_word' id='word_1_92' title='bbox 1297 1035 1385 1074; x_wconf 88' lang='lat' dir='ltr'>foco</span> 
     </span>
     <span class='ocr_line' id='line_1_16' title="bbox 201 1105 1385 1156; baseline 0.001 -13"><span class='ocrx_word' id='word_1_93' title='bbox 201 1110 407 1144; x_wconf 88' lang='lat' dir='ltr'>inventum</span> <span class='ocrx_word' id='word_1_94' title='bbox 460 1106 624 1143; x_wconf 85' lang='lat' dir='ltr'>annales</span> <span class='ocrx_word' id='word_1_95' title='bbox 678 1108 800 1143; x_wconf 87' lang='lat' dir='ltr'>nostri</span> <span class='ocrx_word' id='word_1_96' title='bbox 854 1105 1078 1156; x_wconf 87' lang='lat' dir='ltr'>prodidere.</span> <span class='ocrx_word' id='word_1_97' title='bbox 1133 1108 1290 1156; x_wconf 87' lang='lat' dir='ltr'>scripsit</span> <span class='ocrx_word' id='word_1_98' title='bbox 1342 1112 1385 1144; x_wconf 84' lang='lat' dir='ltr'>et</span> 
     </span>
     <span class='ocr_line' id='line_1_17' title="bbox 203 1175 1382 1225; baseline 0.002 -13"><span class='ocrx_word' id='word_1_99' title='bbox 203 1176 410 1214; x_wconf 87' lang='lat' dir='ltr'>Moschion</span> <span class='ocrx_word' id='word_1_100' title='bbox 459 1176 637 1213; x_wconf 86' lang='lat' dir='ltr'>Graecus</span> <span class='ocrx_word' id='word_1_101' title='bbox 687 1189 809 1212; x_wconf 91' lang='lat' dir='ltr'>unum</span> <span class='ocrx_word' id='word_1_102' title='bbox 858 1175 910 1213; x_wconf 94' lang='lat' dir='ltr'>de</span> <span class='ocrx_word' id='word_1_103' title='bbox 958 1175 1137 1225; x_wconf 85' lang='lat' dir='ltr'>raphano</span> <span class='ocrx_word' id='word_1_104' title='bbox 1186 1176 1382 1214; x_wconf 87' lang='lat' dir='ltr'>volumen.</span> 
     </span>
     <span class='ocr_line' id='line_1_18' title="bbox 201 1244 1384 1295; baseline 0.001 -13"><span class='ocrx_word' id='word_1_105' title='bbox 201 1246 394 1283; x_wconf 84' lang='lat' dir='ltr'>utilissimi</span> <span class='ocrx_word' id='word_1_106' title='bbox 437 1248 475 1282; x_wconf 93' lang='lat' dir='ltr'>in</span> <span class='ocrx_word' id='word_1_107' title='bbox 517 1246 615 1282; x_wconf 81' lang='lat' dir='ltr'>cibis</span> <span class='ocrx_word' id='word_1_108' title='bbox 658 1244 824 1282; x_wconf 86' lang='lat' dir='ltr'>hiberno</span> <span class='ocrx_word' id='word_1_109' title='bbox 864 1250 1047 1295; x_wconf 84' lang='lat' dir='ltr'>tempore</span> <span class='ocrx_word' id='word_1_110' title='bbox 1089 1248 1384 1291; x_wconf 82' lang='lat' dir='ltr'>existimantur,</span> 
     </span>
     <span class='ocr_line' id='line_1_19' title="bbox 201 1315 1384 1366; baseline 0.001 -14"><span class='ocrx_word' id='word_1_111' title='bbox 201 1316 400 1366; x_wconf 88' lang='lat' dir='ltr'>iidemque</span> <span class='ocrx_word' id='word_1_112' title='bbox 416 1315 603 1352; x_wconf 78' lang='lat' dir='ltr'>dentibus</span> <span class='ocrx_word' id='word_1_113' title='bbox 619 1328 777 1365; x_wconf 88' lang='lat' dir='ltr'>semper</span> <span class='ocrx_word' id='word_1_114' title='bbox 792 1317 956 1359; x_wconf 88' lang='lat' dir='ltr'>inimici,</span> <span class='ocrx_word' id='word_1_115' title='bbox 971 1317 1158 1365; x_wconf 85' lang='lat' dir='ltr'>quoniam</span> <span class='ocrx_word' id='word_1_116' title='bbox 1174 1315 1384 1354; x_wconf 82' lang='lat' dir='ltr'>adterant:</span> 
     </span>
     <span class='ocr_line' id='line_1_20' title="bbox 200 1384 1384 1435; baseline 0.001 -13"><span class='ocrx_word' id='word_1_117' title='bbox 200 1386 319 1422; x_wconf 84' lang='lat' dir='ltr'>ebora</span> <span class='ocrx_word' id='word_1_118' title='bbox 340 1391 449 1422; x_wconf 85' lang='lat' dir='ltr'>certe</span> <span class='ocrx_word' id='word_1_119' title='bbox 479 1385 645 1435; x_wconf 87' lang='lat' dir='ltr'>poliunt.</span> <span class='ocrx_word' id='word_1_120' title='bbox 701 1384 835 1422; x_wconf 89' lang='lat' dir='ltr'>odium</span> <span class='ocrx_word' id='word_1_121' title='bbox 866 1387 910 1421; x_wconf 90' lang='lat' dir='ltr'>iis</span> <span class='ocrx_word' id='word_1_122' title='bbox 931 1398 1021 1422; x_wconf 91' lang='lat' dir='ltr'>eum</span> <span class='ocrx_word' id='word_1_123' title='bbox 1043 1387 1123 1422; x_wconf 89' lang='lat' dir='ltr'>vite</span> <span class='ocrx_word' id='word_1_124' title='bbox 1151 1388 1384 1431; x_wconf 85' lang='lat' dir='ltr'>maximum,</span> 
     </span>
     <span class='ocr_line' id='line_1_21' title="bbox 200 1455 695 1506; baseline 0 -15"><span class='ocrx_word' id='word_1_125' title='bbox 200 1455 428 1506; x_wconf 85' lang='lat' dir='ltr'>refugitque</span> <span class='ocrx_word' id='word_1_126' title='bbox 447 1457 558 1491; x_wconf 83' lang='lat' dir='ltr'>iuxta</span> <span class='ocrx_word' id='word_1_127' title='bbox 575 1460 695 1491; x_wconf 83' lang='lat' dir='ltr'>satos.</span> 
     </span>
    </p>

    <p class='ocr_par' dir='ltr' id='par_1_5' title="bbox 199 1523 1382 1786">
     <span class='ocr_line' id='line_1_22' title="bbox 249 1523 1382 1577; baseline 0.001 -15"><span class='ocrx_word' id='word_1_128' title='bbox 249 1524 417 1562; x_wconf 87' lang='lat' dir='ltr'>XXVII.</span> <span class='ocrx_word' id='word_1_129' title='bbox 456 1524 691 1575; x_wconf 80' lang='lat' dir='ltr'>Lignosiora</span> <span class='ocrx_word' id='word_1_130' title='bbox 747 1530 840 1561; x_wconf 89' lang='lat' dir='ltr'>sunt</span> <span class='ocrx_word' id='word_1_131' title='bbox 891 1523 1043 1575; x_wconf 83' lang='lat' dir='ltr'>reliqua</span> <span class='ocrx_word' id='word_1_132' title='bbox 1099 1527 1139 1562; x_wconf 93' lang='lat' dir='ltr'>in</span> <span class='ocrx_word' id='word_1_133' title='bbox 1185 1524 1382 1577; x_wconf 84' lang='lat' dir='ltr'>cartilagi-</span> 
     </span>
     <span class='ocr_line' id='line_1_23' title="bbox 199 1594 1382 1645; baseline 0.002 -14"><span class='ocrx_word' id='word_1_134' title='bbox 199 1609 293 1631; x_wconf 87' lang='lat' dir='ltr'>num</span> <span class='ocrx_word' id='word_1_135' title='bbox 340 1608 488 1645; x_wconf 85' lang='lat' dir='ltr'>genere</span> <span class='ocrx_word' id='word_1_136' title='bbox 535 1608 557 1630; x_wconf 87' lang='lat' dir='ltr'>a</span> <span class='ocrx_word' id='word_1_137' title='bbox 601 1594 712 1631; x_wconf 87' lang='lat' dir='ltr'>nobis</span> <span class='ocrx_word' id='word_1_138' title='bbox 755 1596 898 1644; x_wconf 85' lang='lat' dir='ltr'>posita,</span> <span class='ocrx_word' id='word_1_139' title='bbox 935 1597 1158 1645; x_wconf 90' lang='lat' dir='ltr'>mirumque</span> <span class='ocrx_word' id='word_1_140' title='bbox 1201 1595 1382 1633; x_wconf 88' lang='lat' dir='ltr'>omnibus</span> 
     </span>
     <span class='ocr_line' id='line_1_24' title="bbox 199 1664 1382 1715; baseline 0.003 -15"><span class='ocrx_word' id='word_1_141' title='bbox 199 1664 494 1702; x_wconf 87' lang='lat' dir='ltr'>vehementiam</span> <span class='ocrx_word' id='word_1_142' title='bbox 551 1667 701 1714; x_wconf 82' lang='lat' dir='ltr'>saporis</span> <span class='ocrx_word' id='word_1_143' title='bbox 758 1677 856 1701; x_wconf 89' lang='lat' dir='ltr'>esse.</span> <span class='ocrx_word' id='word_1_144' title='bbox 933 1678 982 1701; x_wconf 89' lang='lat' dir='ltr'>ex</span> <span class='ocrx_word' id='word_1_145' title='bbox 1038 1664 1096 1701; x_wconf 90' lang='lat' dir='ltr'>his</span> <span class='ocrx_word' id='word_1_146' title='bbox 1151 1667 1382 1715; x_wconf 83' lang='lat' dir='ltr'>pastinacae</span> 
     </span>
     <span class='ocr_line' id='line_1_25' title="bbox 199 1735 1382 1786; baseline 0.001 -14"><span class='ocrx_word' id='word_1_147' title='bbox 199 1748 321 1772; x_wconf 91' lang='lat' dir='ltr'>unum</span> <span class='ocrx_word' id='word_1_148' title='bbox 374 1747 500 1786; x_wconf 89' lang='lat' dir='ltr'>genus</span> <span class='ocrx_word' id='word_1_149' title='bbox 552 1739 710 1785; x_wconf 83' lang='lat' dir='ltr'>agreste</span> <span class='ocrx_word' id='word_1_150' title='bbox 764 1740 907 1783; x_wconf 84' lang='lat' dir='ltr'>sponte</span> <span class='ocrx_word' id='word_1_151' title='bbox 961 1737 1158 1784; x_wconf 87' lang='lat' dir='ltr'>provenit,</span> <span class='ocrx_word' id='word_1_152' title='bbox 1211 1735 1382 1773; x_wconf 85' lang='lat' dir='ltr'>alterum</span> 
     </span>
    </p>
   </div>
   <div class='ocr_carea' id='block_1_5' title="bbox 196 1868 1380 2083">
    <p class='ocr_par' dir='ltr' id='par_1_6' title="bbox 196 1868 1380 2083">
     <span class='ocr_line' id='line_1_26' title="bbox 242 1868 1380 1910; baseline -0.001 -9"><span class='ocrx_word' id='word_1_153' title='bbox 242 1874 256 1888; x_wconf 85' lang='lat'>‘²</span> <span class='ocrx_word' id='word_1_154' title='bbox 282 1869 488 1901; x_wconf 83' lang='lat' dir='ltr'>Pediculosis</span> <span class='ocrx_word' id='word_1_155' title='bbox 509 1879 547 1900; x_wconf 93' lang='lat' dir='ltr'>or</span> <span class='ocrx_word' id='word_1_156' title='bbox 570 1869 709 1900; x_wconf 88' lang='lat' dir='ltr'>Morbus</span> <span class='ocrx_word' id='word_1_157' title='bbox 733 1868 956 1910; x_wconf 81' lang='lat' dir='ltr'>pediculosus.</span> <span class='ocrx_word' id='word_1_158' title='bbox 1003 1869 1037 1900; x_wconf 79' lang='lat' dir='ltr'>It</span> <span class='ocrx_word' id='word_1_159' title='bbox 1060 1869 1088 1899; x_wconf 81' lang='lat' dir='ltr'>is</span> <span class='ocrx_word' id='word_1_160' title='bbox 1111 1868 1273 1901; x_wconf 81' lang='lat' dir='ltr'>doubtful</span> <span class='ocrx_word' id='word_1_161' title='bbox 1288 1869 1380 1902; x_wconf 81' lang='lat' dir='ltr'>what</span> 
     </span>
     <span class='ocr_line' id='line_1_27' title="bbox 197 1911 1380 1952; baseline 0.001 -8"><span class='ocrx_word' id='word_1_162' title='bbox 197 1913 326 1945; x_wconf 76' lang='lat' dir='ltr'>discase</span> <span class='ocrx_word' id='word_1_163' title='bbox 341 1922 410 1944; x_wconf 79' lang='lat' dir='ltr'>was</span> <span class='ocrx_word' id='word_1_164' title='bbox 433 1912 582 1943; x_wconf 77' lang='lat' dir='ltr'>denoted</span> <span class='ocrx_word' id='word_1_165' title='bbox 606 1911 651 1952; x_wconf 74' lang='lat' dir='ltr'>by</span> <span class='ocrx_word' id='word_1_166' title='bbox 668 1911 736 1942; x_wconf 67' lang='lat' dir='ltr'>this</span> <span class='ocrx_word' id='word_1_167' title='bbox 760 1915 857 1943; x_wconf 81' lang='lat' dir='ltr'>term.</span> <span class='ocrx_word' id='word_1_168' title='bbox 904 1911 1044 1944; x_wconf 89' lang='lat' dir='ltr'>Modern</span> <span class='ocrx_word' id='word_1_169' title='bbox 1067 1912 1232 1944; x_wconf 85' lang='lat' dir='ltr'>medicine</span> <span class='ocrx_word' id='word_1_170' title='bbox 1255 1922 1332 1945; x_wconf 77' lang='lat' dir='ltr'>uses</span> <span class='ocrx_word' id='word_1_171' title='bbox 1353 1914 1380 1944; x_wconf 80' lang='lat' dir='ltr'>it</span> 
     </span>
     <span class='ocr_line' id='line_1_28' title="bbox 196 1955 1378 1997; baseline 0.001 -10"><span class='ocrx_word' id='word_1_172' title='bbox 196 1957 234 1987; x_wconf 88' lang='lat' dir='ltr'>of</span> <span class='ocrx_word' id='word_1_173' title='bbox 253 1956 312 1987; x_wconf 82' lang='lat' dir='ltr'>the</span> <span class='ocrx_word' id='word_1_174' title='bbox 336 1955 563 1996; x_wconf 73' lang='lat' dir='ltr'>pathological</span> <span class='ocrx_word' id='word_1_175' title='bbox 587 1959 781 1997; x_wconf 82' lang='lat' dir='ltr'>symptoms</span> <span class='ocrx_word' id='word_1_176' title='bbox 798 1955 863 1986; x_wconf 88' lang='lat' dir='ltr'>due</span> <span class='ocrx_word' id='word_1_177' title='bbox 880 1958 917 1986; x_wconf 82' lang='lat' dir='ltr'>to</span> <span class='ocrx_word' id='word_1_178' title='bbox 939 1955 999 1987; x_wconf 78' lang='lat' dir='ltr'>the</span> <span class='ocrx_word' id='word_1_179' title='bbox 1022 1965 1180 1997; x_wconf 81' lang='lat' dir='ltr'>presence</span> <span class='ocrx_word' id='word_1_180' title='bbox 1195 1955 1235 1987; x_wconf 85' lang='lat' dir='ltr'>of</span> <span class='ocrx_word' id='word_1_181' title='bbox 1252 1955 1314 1988; x_wconf 81' lang='lat' dir='ltr'>lioe</span> <span class='ocrx_word' id='word_1_182' title='bbox 1336 1967 1378 1988; x_wconf 91' lang='lat' dir='ltr'>on</span> 
     </span>
     <span class='ocr_line' id='line_1_29' title="bbox 197 1999 595 2083; baseline -0.003 -10"><span class='ocrx_word' id='word_1_183' title='bbox 197 1999 254 2061; x_wconf 51' lang='lat' dir='ltr'>th?</span> <span class='ocrx_word' id='word_1_184' title='bbox 272 1999 456 2083; x_wconf 49' lang='lat' dir='ltr'>kliiccllluding</span> <span class='ocrx_word' id='word_1_185' title='bbox 473 2045 595 2073; x_wconf 79' lang='lat' dir='ltr'>carrot.</span> 
     </span>
    </p>
   </div>
   <div class='ocr_carea' id='block_1_6' title="bbox 198 2097 269 2143">
    <p class='ocr_par' dir='ltr' id='par_1_7' title="bbox 198 2097 269 2143">
     <span class='ocr_line' id='line_1_30' title="bbox 198 2097 269 2143; baseline 0.042 -3"><span class='ocrx_word' id='word_1_186' title='bbox 198 2097 269 2143; x_wconf 81' lang='lat'>47⁶</span> 
     </span>
    </p>
   </div>
  </div>
 </body>
</html>
