1486 2359
424 160 589 197 PLINY
606 174 613 197 :
668 160 929 197 NATURAL
967 159 1203 198 HISTORY

220 266 298 301 tius
318 263 466 314 aliquid
485 263 640 306 damus.
660 276 730 299 nos
751 268 793 299 et
813 262 977 299 flumina
997 263 1190 300 inficimus
1211 268 1253 300 et
1273 276 1402 300 rerum

221 334 387 365 naturae
407 327 622 366 elementa.
641 330 850 377 ipsumque
870 340 949 376 quo
969 329 1111 364 vivitur
1130 329 1168 364 in
1187 329 1401 377 perniciem

221 395 421 429 vertimua.
478 405 607 441 neque
647 397 708 428 est
747 397 789 428 ut
830 397 1017 440 putemus
1058 394 1227 442 ignorari
1267 405 1315 429 ea
1353 391 1404 428 ab

220 456 477 498 animalibu<;
518 469 620 505 quae
648 461 889 505 praeparent
916 458 1022 492 enim
1039 455 1053 478 ¹
1078 462 1217 493 contra
1242 469 1401 506 serpen-

219 524 318 557 tium
338 521 627 557 dimicationes,
647 533 749 570 quae
768 526 858 570 post
877 519 1071 570 proelium
1089 520 1140 557 ad
1158 520 1401 558 medendum

220 588 501 635 excogitarint,
555 584 825 621 indicavimus.
881 597 954 622 nec
1007 585 1058 621 ab
1110 584 1190 622 ullo
1243 590 1403 634 praeter

178 649 417 686 4hominem
453 662 606 686 veneno
639 655 843 699 pugnatur
875 648 1017 686 alieno.
1073 648 1274 686 fateamur
1307 663 1402 700 ergo

218 714 373 763 culpam
418 727 466 750 ne
508 716 552 750 iis
594 713 755 763 quidem
797 726 900 763 quae
943 719 1160 751 nascuntur
1199 716 1401 757 contenti;

219 781 368 815 etenim
396 783 548 828 quanto
564 777 579 800 ²
604 777 717 827 plura
744 791 881 815 eorum
906 791 1056 828 genera
1081 777 1255 815 humana
1281 791 1401 815 manu

219 843 317 879 fiunt
333 843 339 879 ἔ
383 842 506 892 quid?
550 856 628 879 non
641 848 682 879 et
700 841 868 879 hominis
886 842 1048 893 quidem
1065 845 1100 879 vi
1114 843 1129 866 ³
1146 855 1299 879 venena
1315 856 1400 880 nas-

217 906 387 944 cuntur?
428 912 515 943 atra
534 920 608 943 ceu
628 909 875 956 serpentium
900 906 1035 957 lingua
1057 907 1185 944 vibrat
1204 907 1401 957 tabesque

218 974 336 1008 animi
361 977 548 1008 contacta
573 971 703 1008 adurit
728 970 976 1021 culpantium
1000 974 1133 1008 omnia
1157 985 1202 1008 ac
1226 971 1400 1008 dirarum

217 1036 357 1073 alitum
373 1036 492 1073 modo
508 1035 686 1072 tenebris
704 1049 862 1086 quoque
879 1038 958 1073 suis
975 1041 1017 1073 et
1034 1038 1208 1086 ipsarum
1225 1038 1399 1073 noctium

218 1103 343 1151 quieti
364 1100 627 1137 invidentium
649 1103 818 1150 gemitu,
839 1113 943 1150 quae
964 1099 1047 1137 sola
1068 1114 1143 1137 vox
1166 1113 1303 1138 eorum
1325 1106 1401 1145 est,

217 1171 262 1202 ut
300 1167 639 1214 inauspicatarum
678 1167 942 1201 animantium
982 1167 1064 1202 vice
1101 1165 1204 1202 obvii
1242 1178 1401 1215 quoque

177 1237 195 1265 5
217 1235 356 1266 vetent
387 1242 507 1279 agere
538 1235 608 1266 aut
640 1229 827 1278 prodesse
859 1232 978 1266 vitae.
1036 1242 1108 1267 nee
1139 1229 1263 1266 ullum
1293 1229 1399 1267 aliud

216 1294 435 1331 abominati
471 1296 631 1343 spiritus
669 1296 895 1343 praemium
932 1307 1076 1331 novere
1114 1307 1233 1344 quam
1271 1293 1400 1332 odisse

216 1361 360 1395 omnia.
416 1371 552 1395 verum
582 1364 623 1395 et
653 1361 691 1394 in
721 1357 793 1395 hoc
823 1358 963 1396 eadem
994 1364 1162 1396 naturae
1191 1361 1400 1396 maiestas:

216 1429 368 1473 quanto
414 1422 544 1472 plures
590 1423 714 1460 bonos
759 1425 900 1473 genuit
948 1428 992 1460 ut
1038 1423 1192 1474 fruges!
1248 1429 1399 1474 quanto

216 1487 382 1525 fertilior
402 1490 440 1524 in
462 1487 520 1524 his
542 1501 645 1537 quae
667 1490 807 1527 iuvent,
824 1487 1038 1538 alantque!
1093 1501 1261 1538 quorum
1281 1490 1397 1526 aesti-

216 1554 392 1589 matione
414 1558 455 1589 et
476 1552 623 1602 gaudio
646 1566 714 1589 nos
736 1565 895 1602 quoque
917 1551 1062 1589 relictis
1085 1555 1281 1590 exustioni
1302 1565 1398 1590 suae

217 1618 301 1652 istis
323 1615 526 1653 hominum
549 1616 654 1653 rubis
676 1629 888 1667 pergemu5
910 1616 1091 1654 excolere
1114 1619 1250 1659 vitam,
1271 1630 1398 1667 eoque

214 1683 462 1717 constantius
500 1694 578 1731 quo
615 1694 762 1731 operae
800 1681 911 1717 nobis
949 1683 1074 1718 maior
1110 1694 1229 1732 quam
1267 1681 1398 1718 famae

215 1747 347 1795 gratia
398 1748 613 1795 expetitur.
670 1748 817 1795 quippe
867 1759 996 1782 sermo
1044 1748 1146 1782 circa
1198 1759 1287 1783 rura
1336 1751 1395 1783 est

620 1830 630 1848 ¹
654 1831 743 1861 enim
760 1829 835 1861 add.
854 1829 1026 1871 Detleseen.

618 1874 630 1891 ²
654 1873 763 1905 Huet:
789 1873 938 1914 quando.

614 1916 627 1935 ³
651 1916 848 1957 belles-sem:
876 1921 923 1948 ut.

683 2041 698 2056 ⁰
721 2037 781 2069 Le.
797 2037 855 2068 the
871 2038 931 2069 air.

216 2101 282 2136 190
