1486 2359
163 1239 198 1268 13

429 160 617 198 PLINY:
671 162 934 200 NATURAL
972 163 1209 201 HISTORY

231 266 574 304 existimabantur.
625 264 715 302 hinc
734 271 775 302 et
793 265 1012 315 locupletes
1027 266 1215 305 dicebant
1231 267 1320 312 loci,
1336 267 1409 306 hoc

230 338 290 369 est
311 333 410 381 agri,
430 330 579 380 plenos.
634 331 802 379 pecunia
823 332 907 379 ipsa
926 343 949 366 a
968 343 1112 380 pecore
1131 331 1411 381 appellabatur

228 402 269 433 et
300 398 422 432 etiam
457 408 558 431 nunc
591 396 629 430 in
658 393 804 430 tabulis
833 397 1003 431 censoris
1035 408 1182 444 pascua
1211 396 1409 441 dicuntur,

228 462 361 497 omnia
382 473 431 496 ex
453 459 595 509 quibus
615 457 782 508 populus
803 458 954 495 reditus
975 457 1114 503 habet,
1135 462 1227 510 quia
1247 461 1316 498 diu
1335 459 1409 499 hoc

229 524 354 561 solum
394 523 564 572 vectigal
602 522 746 559 fuerat.
801 522 988 560 multatio
1025 537 1184 574 quoque
1222 539 1300 562 non
1337 528 1410 563 nisi

229 591 359 625 ovium
384 588 584 637 boumque
609 587 796 636 inpendio
819 587 1051 631 dicebatur-3
1089 601 1161 626 nec
1185 590 1411 627 omittenda

229 655 443 702 priscarum
462 651 594 701 legum
612 651 904 688 benivolentia:
934 659 1097 689 cautum
1116 656 1262 703 quippe
1281 659 1342 691 est
1358 667 1409 692 ne

228 717 369 753 bovem
406 719 511 766 prius
547 729 667 766 quam
703 728 817 752 ovem
853 719 1079 753 nominaret
1115 720 1180 767 qui
1216 718 1410 756 indiceret

228 781 407 818 multam.
464 780 574 817 ludos
614 780 734 817 boum
772 793 892 817 causa
929 780 1180 818 celebrantes
1219 781 1410 820 Bubetios

228 846 435 882 vocabant.
490 844 645 881 Servius
658 857 727 881 rex
740 847 871 881 ovium
883 845 1084 895 boumque
1097 846 1226 897 effigie
1239 849 1408 896 primum

227 923 293 947 aes
343 912 526 959 signavit.
582 909 736 959 frugem
787 909 948 959 quidem
999 916 1132 947 aratro
1182 913 1408 961 quaesitam

227 975 362 1011 furtim
393 980 513 1010 noctu
542 976 696 1023 pavisse
725 986 771 1010 ac
801 976 972 1011 secuisse
1002 974 1142 1024 puberi
1174 987 1230 1011 x11
1260 975 1408 1013 tabulis

225 1039 372 1088 capital
404 1044 504 1081 erat,
535 1051 850 1088 suspensumque
883 1037 1016 1075 Cereri
1049 1041 1182 1076 necari
1214 1039 1409 1078 iubebant

225 1106 381 1154 gravius
426 1117 545 1153 quam
591 1106 630 1139 in
675 1102 887 1140 homicidio
931 1105 1172 1148 convictum,
1217 1104 1408 1154 inpubem

226 1171 417 1218 praetoris
436 1167 631 1204 arbitratu
651 1167 849 1204 verberari
869 1170 1078 1204 noxiamve
1097 1167 1377 1217 duplionemve
1393 1168 1407 1192 ¹

225 1233 396 1270 decerni.
452 1235 529 1268 iam
552 1232 755 1269 distinctio
776 1231 979 1281 honosque
999 1234 1170 1268 civitatis
1191 1235 1310 1282 ipsius
1331 1246 1409 1270 non

225 1297 382 1333 aliunde
417 1303 516 1333 erat.
571 1299 742 1333 rusticae
775 1296 901 1332 tribus
936 1296 1236 1334 laudatissimae
1270 1310 1407 1335 eorum

225 1364 291 1412 qui
321 1375 410 1398 rura
439 1360 649 1404 haberent,
677 1361 855 1397 urbanae
884 1373 977 1397 vero
1005 1363 1045 1397 in
1074 1374 1172 1411 quas
1200 1361 1408 1399 transferri

225 1429 439 1477 ignominia
472 1431 593 1468 esset,
625 1425 802 1462 desidiae
834 1425 990 1474 probro.
1045 1427 1184 1475 itaque
1217 1431 1409 1476 quattuor

224 1490 332 1527 solae
362 1496 477 1527 erant
507 1503 529 1526 a
560 1490 740 1539 partibus
772 1489 877 1526 urbis
909 1492 948 1525 in
979 1489 1121 1539 quibus
1152 1488 1409 1534 habitabant,

224 1555 445 1598 Suburana,
493 1553 691 1597 Palatina,
737 1553 904 1596 Collina,
951 1553 1168 1604 Esquilina.
1224 1554 1408 1592 nundinis

224 1619 363 1656 urbem
389 1619 650 1656 revisitabant
677 1623 718 1655 et
745 1618 834 1655 ideo
859 1620 1021 1655 comitia
1047 1618 1232 1656 nundinis
1259 1617 1408 1656 habere

277 1721 287 1740 ¹
312 1722 518 1761 noxiamque
559 1719 720 1761 duplione
766 1718 960 1750 Hardouin:
1015 1729 1169 1751 noxaeve
1209 1719 1406 1761 duplionem

229 1764 385 1804 Lipsius:
413 1764 596 1795 noxiamve
612 1762 778 1804 duplione
794 1761 904 1793 decidi
920 1761 1057 1794 Schuetz.

267 1938 281 1952 ⁶
304 1933 454 1973 Perhaps
470 1932 529 1963 the
545 1934 621 1963 text
637 1929 759 1962 should
779 1930 819 1961 be
834 1929 965 1961 altered
981 1933 1018 1960 to
1033 1930 1108 1970 give
1126 1934 1134 1946 ‘
1145 1929 1213 1961 and
1225 1929 1244 1960 ’.

224 1975 521 2060 hofid‘g'isnth-day
533 1975 553 2012 '‚
569 1985 608 2006 or
625 1974 669 2016 by
685 1984 748 2006 our
764 1973 851 2005 form
867 1973 907 2005 of
925 1974 1132 2014 expression,
1151 1972 1372 2016 ‘eighth-day
1383 1973 1404 2012 “,

225 2081 293 2126 196
