1486 2359
310 125 502 162 PLINY:
550 124 814 162 NATURAL
851 124 1084 162 HIS'l'ORY

161 233 201 265 et
216 226 308 263 solio
323 226 512 276 anguloso
525 226 760 276 scabroque,
773 239 867 262 suco
881 228 961 263 acri
975 228 1042 276 qui
1055 228 1159 263 cirea
1173 239 1344 264 messem

158 303 351 345 exceptus
367 295 498 332 oculos
516 301 662 345 purget
678 295 970 345 medeaturque
985 295 1146 346 caligini
1164 295 1345 333 admixto

158 366 262 403 lactc
279 366 499 402 mulierum.
555 364 700 415 frigore
715 364 891 402 dulciora
907 365 991 402 fieri
1006 367 1287 403 existimantur
1302 371 1344 403 et

159 435 392 486 grandior33
423 441 562 484 tepore
580 437 620 471 in
636 434 730 471 folia
748 440 911 472 exeunt.
966 434 1101 484 palma
1117 437 1157 472 in
1175 434 1344 473 Nursino

159 519 254 553 agro
287 505 752 542 nascentibus—taxatio
780 507 820 541 in
851 504 968 541 libras
997 506 1171 542 sestertii
1201 505 1342 556 singuli

161 581 201 611 et
223 577 261 611 in
282 577 447 624 penuria
468 575 783 624 bini—proxima
805 576 843 610 in
865 574 1011 625 Algido
1031 576 1150 618 natis,
1177 574 1343 612 XXXV.

74 650 126 681 131
159 647 270 694 napis
285 645 297 667 ¹
321 658 413 681 vero
434 645 644 681 Amiterni.
694 657 862 694 quorum
883 644 1026 681 eadem
1045 643 1128 682 fere
1149 644 1343 682 naturaz²

159 715 339 764 gaudent
367 727 495 764 aeque
524 713 687 764 frigidis.
742 719 930 751 seruntur
957 719 1000 751 et
1027 719 1122 751 ante
1150 714 1344 752 kalendas

164 784 347 828 Martias,
374 787 413 820 in
448 787 584 834 iugero
619 786 782 820 sextarii
818 796 867 820 1v.
902 783 1173 834 diligentiores
1205 787 1345 835 quinto

156 854 263 891 sulco
310 867 458 904 napum
496 855 572 890 seri
609 853 764 897 iubent,
801 867 897 904 rapa
935 860 1092 904 quarto,
1130 860 1344 906 utrumque

159 930 402 967 stercorato3
446 937 542 973 rapa
571 923 739 961 laetiora
770 924 853 960 fieri
882 926 912 960 si
942 937 1032 961 cum
1062 923 1178 973 palea
1207 938 1344 962 semen

160 993 370 1031 inaretur.³
421 1006 553 1031 serere
585 994 735 1031 nudum
768 993 904 1030 volunt
935 999 1168 1043 precantem
1198 995 1271 1032 sibi
1302 1001 1345 1032 et

74 1067 133 1099 132
161 1066 295 1100 vicinis
323 1076 455 1100 serere
484 1077 538 1100 se.
593 1069 704 1101 satus
734 1066 892 1114 utrique
921 1066 1058 1114 generi
1087 1066 1213 1102 iustus
1241 1067 1345 1102 inter

160 1133 328 1170 duorum
347 1137 553 1170 numinum
573 1134 656 1171 dies
674 1133 812 1178 festos,
831 1133 1009 1183 Neptuni
1027 1139 1149 1184 atque
1167 1134 1344 1179 Volcani,

159 1202 375 1253 feruntque
387 1203 521 1240 subtili
533 1204 825 1247 observatione,
837 1210 961 1254 quota
971 1203 1064 1241 luna
1076 1204 1345 1254 praecedente

162 1272 292 1309 hieme
324 1276 388 1309 nix
417 1276 544 1323 prima
572 1273 774 1317 ceciderit,
802 1276 832 1310 si
860 1273 1031 1311 totidem
1058 1273 1251 1312 luminum
1279 1275 1343 1312 die

160 1345 263 1380 intra
299 1344 550 1392 praedictum
584 1346 774 1394 temporis
808 1346 983 1394 spatium
1016 1350 1213 1389 serantur,
1245 1347 1343 1382 mire

161 1416 380 1462 provenire.
436 1419 623 1450 seruntur
645 1419 687 1450 et
710 1427 801 1450 vere
824 1416 863 1450 in
883 1413 1019 1451 calidis
1042 1420 1165 1464 atque
1187 1415 1342 1452 umidis.

73 1487 132 1518 133
211 1482 396 1519 XXXVI.
428 1483 571 1532 Lupini
593 1497 684 1520 usus
704 1486 920 1533 proximus,
939 1497 1029 1520 cum
1049 1486 1099 1521 sit
1127 1489 1169 1521 et
1195 1483 1342 1522 homini

160 1558 201 1588 et
231 1552 520 1602 quadripedum
550 1555 687 1603 generi
718 1553 885 1604 ungulas
915 1553 1079 1591 habenti
1109 1557 1340 1593 communis.

158 1622 379 1659 remedium
405 1625 501 1666 eius,
527 1635 575 1659 ne
607 1629 807 1661 metentes
832 1623 961 1674 fugiat
987 1623 1199 1669 exssiendo,
1223 1630 1268 1662 ut
1291 1624 1342 1662 ab

516 1733 525 1752 ¹
551 1734 647 1773 napis
667 1733 840 1773 ,llrzyhoffz
867 1735 956 1776 napi.

515 1776 526 1795 ²
556 1776 617 1808 VJ.
637 1782 760 1807 natura
776 1782 838 1808 est.

512 1819 525 1838 ⁸
550 1820 725 1860 Maylwff:
751 1821 985 1852 seminaretur.

509 1993 523 2008 ⁶
545 1988 629 2031 Ju'y
647 1990 686 2021 23
706 1989 775 2022 and
793 1990 927 2033 August
945 1991 996 2023 23.

154 2060 221 2096 272
