1486 2359
135 254 192 285 154

135 1487 191 1517 157

430 145 513 182 PLI
522 146 617 182 NY:
662 145 924 184 NATURAL
959 145 1195 184 HISTORY

272 249 413 285 XLIV.
446 249 591 286 Cetera
608 252 646 286 in
663 257 890 287 transcursu
905 249 983 287 dici
999 256 1176 300 possunt.
1231 253 1401 287 ocimum

224 311 413 347 Parilibus
450 314 601 360 optime
635 315 709 348 seri
744 311 893 355 ferunt,
926 311 1091 362 quidam
1121 317 1164 349 et
1195 317 1402 356 autumno,

223 373 441 422 iubentque
461 386 550 409 cum
577 376 616 409 in
637 372 810 410 hiemem
836 379 993 410 seratur
1017 379 1134 410 aceto
1154 386 1291 410 semen
1316 387 1403 423 per-

222 434 344 470 fundi.
400 447 516 471 eruca
547 448 705 485 quoque
727 441 769 471 et
800 437 1041 471 nasturtium
1062 434 1124 471 vel
1154 441 1311 472 aestate
1341 434 1402 472 vel

222 495 352 532 hieme
369 495 554 532 facillime
572 502 799 533 nascuntur.
849 509 967 533 eruca
983 499 1199 546 praecipue
1213 496 1403 547 frigorum

221 560 489 607 contemptrix
510 558 689 595 diversae
710 564 771 594 est
792 571 913 608 quam
938 558 1097 595 lactuca
1124 564 1294 596 naturae
1313 571 1404 595 con-

220 622 461 669 citatrixque
480 622 657 662 veneris;
690 619 834 656 idcirco
854 622 1031 670 iungitur
1057 619 1110 656 illi
1131 618 1214 656 fere
1235 622 1275 656 in
1293 620 1403 664 cibis,

223 687 266 718 ut
287 683 407 718 nimio
428 681 561 731 frigori
585 694 658 730 par
678 681 808 718 fervor
827 683 1017 718 inmixtus
1036 687 1403 731 temperamentum

222 748 383 792 aequet.
440 745 680 779 nasturtium
716 756 859 779 nomen
894 745 1048 793 accepit
1082 756 1104 778 a
1138 745 1292 779 narium
1325 749 1405 780 tor-

222 809 373 847 mento,
401 810 442 841 et
472 804 563 841 inde
593 807 734 854 vigoris
763 804 1030 854 significatiol
1059 805 1267 854 proverbio
1295 818 1404 842 usur-

222 868 330 915 pavit
361 865 399 902 id
431 865 664 902 vocabulum
697 865 817 902 veluti
850 872 1051 915 torporem
1083 868 1308 903 excitantis.
1365 868 1404 903 in

223 927 370 964 Arabia
396 930 518 964 mirae
543 927 815 977 amplitudinis
841 927 988 964 dicitur
1011 929 1133 978 gigni.

266 988 387 1026 XLV.
415 988 519 1025 Ruta
534 1002 692 1039 quoque
706 991 851 1026 seritur
862 988 1019 1026 favonio
1033 995 1075 1026 et
1088 989 1139 1025 ab
1152 991 1405 1039 aequinoctio

221 1053 415 1087 autumni.
470 1051 555 1088 odit
575 1049 748 1088 hiemem
769 1057 811 1088 et
832 1064 1010 1088 umorem
1027 1064 1073 1088 ac
1096 1050 1246 1094 fimum,
1266 1053 1404 1101 apricis

221 1112 373 1162 gaudet
403 1125 448 1149 ac
478 1115 587 1149 siccis
618 1119 807 1163 terraque
838 1126 960 1162 quam
990 1114 1164 1149 maxime
1195 1112 1405 1157 lateraria3

220 1177 352 1211 cinere
377 1173 461 1211 vult
491 1177 644 1218 nutriri,
669 1173 731 1210 hie
756 1180 798 1211 et
822 1177 962 1211 semini
988 1177 1177 1211 miscetur
1202 1180 1245 1211 ut
1269 1181 1406 1212 careat

223 1238 362 1272 urucis.
418 1239 634 1272 auctoritas
664 1238 698 1272 ei
728 1235 938 1285 peculiaris
968 1242 1065 1285 aput
1094 1238 1278 1286 antiquos
1307 1235 1404 1273 fuit:

222 1299 378 1333 invenio
409 1297 578 1333 mulsum
611 1303 790 1334 rutatum
822 1297 967 1347 populo
998 1297 1139 1334 datum
1170 1310 1192 1333 a
1223 1297 1405 1335 Cornelio

222 1358 403 1409 Cethego
426 1361 464 1395 in
486 1358 693 1396 consulatu
715 1359 868 1410 collega
891 1358 1031 1405 Quinti
1056 1359 1264 1396 Flaminini
1287 1361 1406 1397 eomi-

220 1422 284 1457 tiis
305 1423 488 1469 peractis.
544 1423 719 1457 amicitia
737 1423 772 1457 ei
788 1434 878 1458 cum
897 1421 969 1457 fico
986 1426 1101 1458 tanta
1120 1426 1164 1458 ut
1177 1420 1192 1444 ²
1208 1434 1404 1471 nusquam

221 1482 361 1518 laetior
385 1484 591 1531 proveniat
609 1482 624 1505 ³
648 1495 769 1532 quam
793 1482 866 1519 sub
891 1481 964 1519 hac
988 1482 1141 1519 arbore.
1195 1485 1340 1520 seritur
1363 1488 1405 1520 et

220 1543 389 1587 surculo,
406 1543 545 1580 melius
562 1546 601 1579 in
619 1544 864 1592 perforatam
882 1543 1017 1580 fabam
1035 1543 1174 1587 indito,
1191 1557 1294 1594 quae
1311 1557 1404 1581 suco

223 1607 346 1641 nutrit
375 1604 738 1654 conprehendendo
768 1605 979 1642 surculum.
1034 1608 1130 1642 serit
1161 1611 1204 1642 et
1232 1618 1275 1642 se
1305 1607 1404 1656 ipsa,

558 1699 568 1718 ¹
592 1698 902 1739 significationem?
920 1699 1099 1731 Rackham.

557 1741 569 1760 ²
593 1742 769 1782 Mayhoff:
796 1747 945 1774 tantum.

556 1784 569 1803 ¹
594 1785 701 1816 EM:
727 1786 895 1826 provenit.

262 1931 276 1946 ο
373 1929 380 1934 ·
411 1929 430 1949 0

266 1970 278 1990 θ
301 1928 513 2002 ...ζ’ῗῖιιηῖιιίζιηι
530 1984 563 1997 =
582 1970 589 1982 ‘
605 1970 930 2002 nostrii-tormenta·
941 1970 961 2007 “,
973 1970 1061 2002 from
1075 1971 1169 2002 naris
1181 1971 1248 2002 and
1261 1976 1399 2013 torqueo.

263 2019 274 2033 ⁶
296 2014 407 2045 Ἶέσθιε
421 2014 599 2053 κάρδαμον.
614 2013 621 2025 “
634 2018 690 2045 eat
707 2024 800 2045 some
817 2014 912 2046 Cress
925 2013 944 2051 ’,
957 2015 1030 2045 said
1049 2018 1085 2046 to
1102 2014 1249 2056 sluggish
1268 2015 1397 2057 people.

223 2087 293 2124 520
