1486 2359
156 498 198 527 46

423 169 617 207 PLINY:
670 169 934 208 NATURAL
969 169 1207 208 HISTORY

223 275 369 323 puteis.
390 286 457 310 ore
478 272 738 323 angustiore‚1
759 275 866 309 intus
887 277 931 309 ut
952 275 992 309 in
1011 271 1183 309 metallis
1203 273 1407 322 spatiante

224 359 337 383 vena.
393 345 465 382 hac
499 348 672 382 maxime
707 344 912 382 Britannia
948 347 1086 382 utitur.
1140 345 1260 382 durat
1293 346 1406 382 annis

223 431 333 458 mxx.
353 432 483 468 neque
511 424 571 455 est
597 417 827 467 exemplum
847 417 962 454 ullius
979 419 1046 467 qui
1065 417 1126 454 bis
1146 419 1186 454 in
1202 420 1285 455 vita
1304 416 1407 454 hanc

221 491 350 528 eidem
381 494 572 528 iniecerit.
627 493 793 527 tertium
821 503 949 540 genus
977 489 1173 527 candidae
1201 490 1406 540 glisomar-

222 578 314 615 gam
340 570 506 606 vocant;
545 570 605 600 est
631 569 767 600 autem
793 569 904 600 creta
928 562 1092 600 fullonia
1116 565 1244 600 mixta
1267 565 1405 614 pingui

222 644 344 681 terra,
376 637 511 686 pabuli
545 650 666 686 quam
701 636 860 686 frugum
893 635 1074 680 fertilior,
1106 639 1165 673 ita
1198 641 1244 673 ut
1275 649 1405 674 messe

222 709 380 746 sublata
401 715 496 745 ante
512 715 736 746 sementem
758 709 926 746 alteram
946 708 1209 745 laetissimum
1224 714 1406 753 secetur-3

221 782 317 820 dum
350 782 515 832 fruges‚²
547 781 698 818 nullum
731 781 838 818 aliud
868 794 1035 832 gramen
1069 784 1232 819 emittit.
1286 781 1406 820 durat

223 868 295 892 xxx
329 858 465 898 annis3
511 855 670 891 densior
703 857 807 891 iusto
841 854 992 905 Signini
1026 854 1146 892 modo
1178 854 1405 905 strangulat

221 927 360 965 solum.
415 927 682 964 columbinam
699 927 854 964 Galliae
870 941 941 964 suo
957 930 1116 964 nomine
1133 926 1405 977 eglecopalam

222 1001 449 1050 appellant;
486 1000 638 1051 glaebis
665 1003 865 1038 excitatur
888 1000 1066 1050 lapidum
1095 999 1228 1045 modo,
1252 1000 1334 1038 sole
1363 1006 1406 1038 et

221 1073 423 1124 gelatione
448 1076 505 1110 ita
529 1073 693 1109 solvitur
718 1079 761 1110 ut
786 1076 1040 1110 tenuissimas
1064 1073 1246 1110 bratteas
1269 1072 1404 1111 faciat.

154 1153 194 1182 47
218 1146 316 1183 haee
334 1160 382 1183 ex
402 1159 530 1196 aequo
549 1146 700 1182 fertilis.
757 1145 980 1183 harenacea
999 1152 1167 1183 utuntur
1183 1149 1215 1183 si
1232 1145 1309 1183 alia
1326 1159 1404 1184 non

155 1664 196 1692 423

222 1223 286 1263 sit,
312 1223 351 1256 in
378 1219 578 1269 uliginosis
607 1232 698 1256 vero
725 1225 766 1256 et
791 1222 822 1256 si
849 1219 925 1256 alia
951 1222 1014 1256 sit.
1072 1219 1196 1256 Ubios
1220 1222 1404 1270 gentium

221 1292 322 1329 solos
369 1294 547 1328 novimus
594 1294 660 1342 qui
707 1291 994 1328 fertilissimum
1041 1305 1181 1342 agrum
1227 1291 1404 1330 colentes

222 1378 473 1415 quacumque
502 1371 610 1401 terra
640 1364 740 1401 infra
769 1364 892 1414 pedes
921 1371 1002 1401 tres
1032 1364 1173 1402 effossa
1201 1371 1244 1402 et
1271 1364 1405 1415 pedali

221 1437 482 1474 crassitudine
513 1440 658 1474 iniecta
686 1437 929 1478 laetificent:
971 1437 1042 1474 sed
1071 1451 1120 1475 ea
1148 1451 1226 1475 non
1255 1437 1404 1476 diutius

222 1513 333 1546 annis
356 1523 377 1546 x
400 1509 574 1559 prodest.
631 1510 760 1546 Aedui
785 1516 825 1546 et
850 1510 1033 1547 Pictones
1054 1510 1162 1548 calce
1184 1511 1403 1548 uberrimos

222 1583 352 1620 secere
375 1597 503 1632 agros,
525 1595 627 1632 quae
649 1596 743 1619 sane
766 1589 808 1620 et
829 1582 923 1619 oleis
946 1583 1173 1633 vitibusque
1197 1583 1403 1622 utilissima

219 1659 426 1705 reperitur.
482 1659 608 1692 omnis
635 1662 771 1692 autem
799 1669 937 1705 marga
963 1662 1076 1693 arato
1102 1656 1301 1694 inicienda
1327 1663 1402 1701 est,

223 1735 266 1765 ut
307 1728 645 1765 medicamentum
685 1731 886 1778 rapiatur;
941 1735 982 1765 et
1025 1730 1159 1765 fimum
1200 1729 1403 1767 desiderat

221 1802 647 1852 quantulumcumque,
682 1804 809 1851 primo
845 1801 931 1851 plus
969 1815 1109 1851 aspera
1145 1808 1187 1839 et
1222 1815 1327 1852 quae
1363 1805 1402 1840 in

222 1874 363 1911 herbas
379 1888 457 1911 non
473 1873 710 1911 effunditur:
739 1873 913 1924 alioquin
929 1877 1109 1911 novitate
1124 1888 1403 1926 quaecumque

270 1962 278 1980 ¹
304 1966 450 2001 angusto
475 1961 722 2000 (angustiore?)
753 1960 921 2001 ,llayhoffz
958 1965 1123 2001 anguntur
1148 1961 1196 1992 cd.
1232 1961 1299 1992 l'al.
1328 1960 1401 1993 Lat.

224 2004 320 2039 3861.
338 2014 382 2034 m.
402 2005 436 2034 1:
461 2008 668 2043 angustatur
684 2002 752 2034 rell.

267 2047 278 2065 ¹
306 2046 477 2087 Mayhoff:
504 2047 585 2077 dum
604 2047 637 2077 in
654 2046 749 2087 fruge
765 2050 817 2077 est
834 2046 882 2084 (in
899 2046 1029 2086 frugem
1047 2047 1119 2077 exit
1135 2046 1170 2077 .Ι.
1190 2045 1356 2087 Mueller).

219 2112 264 2149 32
