1486 2359
116 349 179 381 343

115 838 176 869 344

115 1396 178 1427 345

114 1815 177 1845 3⁴6

416 170 582 208 PLINY
597 185 606 209 ε
649 172 912 210 NATURAL
949 173 1184 210 HISTORY

208 280 247 310 et
270 274 443 324 pluvias;
473 288 564 311 cum
583 275 799 312 occidentis
818 282 887 312 aut
906 278 1068 313 orientis
1087 277 1186 313 radii
1205 276 1390 314 videntur

204 347 321 387 coire,
342 344 507 394 pluvias.
562 347 594 382 si
613 347 717 382 circa
738 345 988 382 occidentem
1009 346 1226 384 rubescunt
1246 346 1388 391 nubes,

206 416 467 451 serenitatem
511 413 635 451 futuri
679 414 758 452 diei
803 415 1025 465 spondent;
1083 417 1114 452 si
1158 418 1199 453 in
1244 422 1387 454 exortu

205 489 445 534 spargentur
464 487 612 534 partim
632 484 684 521 ad
705 490 885 522 austrum
905 487 1053 535 partim
1074 485 1126 523 ad
1146 485 1389 536 aquilonem,

205 567 302 603 pura
335 556 438 590 circa
470 567 562 590 eum
593 557 788 591 serenitas
820 557 872 591 sit
903 554 1011 598 licet,
1042 554 1217 604 pluviam
1247 561 1387 593 tamen

207 629 426 673 ventosque
462 623 757 674 significabunt,
792 627 823 661 si
860 627 899 661 in
935 630 1024 661 ortu
1062 630 1132 662 aut
1167 627 1208 662 in
1243 639 1386 663 occasu

203 696 397 730 contracti
419 700 636 731 cernentur
657 694 770 737 radii,
792 694 972 731 imbrem.
1027 697 1059 731 si
1081 697 1120 731 in
1141 708 1282 732 occasu
1304 698 1387 733 eius

205 763 315 812 pluet
350 770 419 800 aut
454 763 551 801 radii
586 764 734 801 nubem
768 767 808 801 in
841 777 884 801 se
916 763 1097 808 trahent,
1131 777 1314 814 asperam
1347 768 1387 802 in

204 836 427 883 proximum
469 833 576 871 diem
616 839 907 884 tempestatem
948 834 1242 884 significabunt.
1296 848 1387 872 cum

204 906 357 939 oriente
405 903 503 940 radii
550 917 630 940 non
676 903 861 941 inlustres
910 903 1159 948 eminebunt,
1207 907 1387 955 quamvis

203 973 473 1010 circumdatae
496 973 621 1010 nubes
644 986 722 1010 non
743 976 836 1017 sint,
858 973 1033 1023 pluviam
1055 974 1313 1023 portendent.
1354 977 1386 1012 si

204 1048 298 1078 ante
326 1048 509 1079 exortum
539 1043 665 1079 nubes
692 1043 975 1093 globabuntur,
1002 1042 1177 1080 hiemem
1205 1056 1387 1093 asperam

204 1111 515 1156 denuntiabunt,
539 1114 571 1149 si
596 1112 647 1149 ab
672 1119 763 1149 ortu
788 1112 1034 1162 repellentur
1059 1119 1101 1150 et
1127 1113 1178 1150 ad
1202 1127 1386 1151 occasum

205 1182 387 1224 abibunt,
402 1184 677 1220 serenitatem.
732 1184 764 1219 si
780 1183 906 1220 nubes
923 1182 1047 1219 solem
1062 1182 1387 1228 circumcludent‚

204 1257 356 1300 quanto
398 1254 525 1288 minus
566 1251 724 1289 luminis
765 1252 993 1302 relinquent
1035 1258 1152 1289 tanto
1192 1252 1388 1290 turbidior

204 1327 426 1370 tempestas
452 1324 541 1365 erit,
564 1324 596 1358 si
620 1335 712 1359 vero
737 1324 860 1358 etiam
884 1321 1031 1371 duplex
1056 1322 1159 1359 orbis
1182 1321 1317 1366 suerit,
1340 1335 1387 1360 eo

204 1394 395 1435 atrocior;
424 1391 528 1441 quod
554 1394 582 1428 si
609 1394 648 1428 in
674 1398 816 1428 exortu
842 1398 911 1429 aut
936 1394 976 1428 in
995 1405 1136 1429 occasu
1158 1392 1242 1435 fiet,
1261 1395 1319 1430 ita
1342 1398 1386 1430 ut

205 1461 413 1497 rebe-scant
440 1462 579 1504 nubes,
604 1464 779 1498 maxima
804 1462 1043 1499 ostendetur
1066 1468 1300 1512 tempestas.
1355 1464 1387 1500 si

207 1544 284 1567 non
315 1531 524 1567 ambibunt
556 1531 626 1568 sed
656 1531 904 1575 incumbent,
933 1546 954 1568 a
985 1545 1236 1582 quocumque
1267 1538 1386 1569 vento

204 1600 351 1638 fuerint
372 1614 463 1638 eum
483 1601 742 1651 portendent‚
762 1604 792 1638 si
813 1616 835 1638 a
855 1602 1034 1645 meridie,
1055 1608 1096 1639 et
1118 1602 1298 1640 imbrem.
1353 1604 1384 1639 si

203 1673 332 1708 oriens
367 1673 551 1722 cingetur
585 1671 695 1714 orbe,
732 1684 782 1708 ex
819 1685 898 1722 qua
935 1678 1050 1721 parte
1086 1674 1117 1709 is
1154 1685 1196 1709 se
1234 1674 1384 1721 ruperit

203 1746 442 1790 expectetur
480 1746 644 1784 ventus3
681 1743 712 1777 si
751 1746 860 1778 totus
899 1741 1111 1778 defluxerit
1151 1740 1385 1792 aequaliter,

204 1813 464 1847 serenitatem
499 1810 624 1847 dabit.
678 1813 708 1847 si
745 1812 784 1847 in
820 1816 962 1848 exortu
998 1810 1115 1860 longe
1151 1810 1278 1848 radios
1313 1823 1385 1860 per

204 1880 330 1917 nubes
354 1882 531 1930 porriget
556 1886 598 1917 et
622 1879 776 1917 medius
802 1882 877 1917 erit
901 1882 1043 1923 inanis,
1068 1879 1242 1930 pluviam
1265 1882 1384 1931 signi-

204 1949 352 1992 ficabit,
379 1952 409 1986 si
436 1955 531 1986 ante
557 1954 690 1987 ortum
718 1949 815 1986 radii
843 1962 885 1986 se
911 1949 1142 1994 ostendent,
1168 1962 1315 2000 aquam
1341 1954 1383 1986 et

204 2025 383 2063 ventum,
411 2021 441 2056 si
470 2021 573 2056 circa
601 2018 851 2056 occidentem
880 2018 1070 2056 candidus
1099 2018 1264 2056 circulus
1294 2021 1382 2063 erit,

201 2113 271 2146 404
