1486 2359
124 633 183 663 114

123 1120 182 1151 115

124 1609 182 1639 116

419 175 609 212 PLINY:
651 174 914 212 NATURAL
950 175 1187 213 HISTORY

210 281 249 315 in
282 279 464 315 frondem
496 277 710 315 luxurient.
766 281 805 316 in
838 279 990 329 frigidis
1023 279 1158 317 utilius
1191 292 1283 317 vere
1314 282 1390 317 seri

210 362 329 398 quam
346 354 550 385 autumno.
591 354 740 392 cetero,
757 355 801 385 ut
816 349 936 386 odore
951 355 1130 393 careant,
1145 351 1278 386 omnia
1293 347 1392 386 haec

210 418 398 455 iubentur
422 421 497 455 seri
523 432 613 455 cum
639 418 732 455 luna
758 419 830 455 sub
855 424 964 456 terra
989 421 1054 463 sit,
1079 418 1209 470 colligi
1235 433 1326 456 cum
1351 421 1390 456 in

208 491 328 525 coitu.
382 491 466 524 sine
486 487 544 525 his
568 488 792 525 Menander
811 502 833 526 e
853 488 1016 526 Graecis
1035 495 1174 526 auctor
1192 494 1254 526 est
1271 489 1391 526 alium

211 558 436 596 edentibus.
458 560 488 594 si
511 558 685 595 radicem
707 558 829 595 betae
853 561 893 595 in
914 571 1041 608 pruna
1062 564 1211 595 tostam
1233 571 1392 608 supere-

210 628 355 667 dcrint.
384 628 546 665 odorem
576 631 769 678 extingui.
825 634 918 665 sunt
947 631 1013 679 qui
1043 634 1086 665 et
1115 627 1234 665 aliurn
1265 634 1307 665 et
1337 627 1390 665 ul-

210 700 340 746 picum
367 700 472 734 inter
497 697 736 747 Compitalia
762 711 807 734 ac
833 697 1061 735 Saturnalia
1087 700 1162 735 seri
1189 700 1392 748 aptissime

210 773 367 816 putent.
423 767 542 803 alium
562 773 602 803 et
621 770 771 803 semine
789 770 985 816 provenit,
1003 767 1074 804 sed
1091 767 1230 810 tarde3
1262 769 1390 817 primo

211 839 315 873 enim
336 850 438 873 anno
457 839 561 886 porri
580 836 882 874 crassitudinem
901 839 1034 887 capite
1055 837 1189 881 efficit,
1207 838 1391 887 sequenti

209 906 411 950 dividitur,
451 909 572 943 tertio
612 912 932 950 consummatum
986 905 1265 957 pulchriusque
1306 906 1389 943 tale

210 978 442 1012 existimant
467 975 642 1025 quidam.
698 978 736 1012 in
761 989 898 1012 semen
924 978 1032 1012 exire
1057 989 1137 1012 non
1160 976 1299 1019 debet,
1322 975 1392 1012 sed

210 1047 426 1095 intorqueri
451 1045 583 1082 caules
607 1050 717 1082 satus
741 1047 887 1095 gratia,
910 1051 954 1082 ut
977 1051 1098 1095 caput
1123 1045 1286 1082 validius
1310 1044 1392 1082 flat.

210 1115 316 1165 quod
328 1117 359 1152 si
372 1115 519 1152 diutius
533 1114 653 1151 alium
665 1128 888 1165 cepamque
901 1117 1126 1152 inveterare
1139 1114 1278 1158 libeat,
1290 1128 1392 1164 aqua

209 1184 311 1221 salsa
337 1185 477 1234 tepida
503 1188 637 1234 capita
666 1185 882 1235 unguenda
909 1191 1024 1228 sunt3
1065 1187 1122 1222 ita
1148 1185 1393 1222 diuturniora

212 1255 307 1291 flent
321 1254 566 1305 melioraque
581 1257 681 1297 usui,
697 1260 739 1290 at
750 1255 761 1277 ¹
779 1257 817 1291 in
830 1261 921 1291 satu
935 1255 1098 1292 sterilia.
1138 1253 1201 1290 alii
1215 1257 1392 1291 contenti

210 1331 295 1361 sunt
320 1327 444 1374 primo
459 1338 578 1374 super
597 1338 768 1374 prunam
781 1324 796 1347 ²
813 1324 1065 1375 suspendisse
1081 1324 1321 1375 abundeque
1337 1326 1392 1361 ita

211 1396 343 1443 profici
371 1394 616 1431 arbitrantur
641 1408 691 1431 ne
717 1398 960 1444 germinent,
986 1394 1092 1445 quod
1116 1394 1249 1431 facere
1273 1394 1392 1431 alium

209 1477 431 1514 cepamque
455 1471 572 1501 extra
594 1471 746 1501 terram
770 1478 929 1515 quoque
951 1470 1105 1501 certum
1129 1470 1189 1501 est
1213 1470 1255 1501 et
1275 1463 1393 1501 cauli-

209 1534 297 1571 culo
346 1540 462 1571 aucto
477 1534 492 1557 ³
545 1548 795 1571 evanescere.
851 1535 971 1585 aliqui
1021 1540 1062 1571 et
1111 1534 1229 1571 alium
1278 1533 1393 1584 palea

210 1607 355 1641 servari
379 1607 530 1654 optime
553 1611 712 1654 putant.
769 1604 888 1641 alium
913 1610 973 1641 est
997 1610 1039 1641 et
1066 1607 1105 1640 in
1129 1606 1229 1640 arvis
1252 1610 1393 1653 sponte

212 1674 536 1711 nascens—alum
560 1674 865 1724 vocant—quod
887 1674 1073 1711 adversus
1096 1674 1392 1724 improbitatem

211 1744 349 1781 alitum
363 1744 664 1794 depascentium
679 1747 831 1781 semina
843 1750 1015 1785 coctum,
1029 1757 1078 1781 ne
1091 1746 1243 1781 renasci
1257 1746 1394 1793 possit,

398 1831 405 1848 ¹
431 1829 623 1861 Rackhum:
649 1834 694 1861 et.

394 1875 405 1891 ²
431 1876 601 1914 prunam?
619 1872 690 1904 coll.
710 1873 725 1913 ἕ
744 1873 803 1904 113
820 1878 875 1904 elo.
896 1873 1071 1914 Mayhoff:
1098 1883 1234 1914 prunae.

394 1916 406 1933 ³
430 1921 533 1947 aucto
551 1915 640 1956 qnid.
657 1926 713 1956 ap.
731 1915 861 1947 Gelsn.:
887 1920 977 1947 acto.

543 2054 558 2069 ⁰
582 2050 661 2092 May
679 2051 698 2081 2
714 2050 782 2082 and
801 2050 987 2082 December
1007 2051 1055 2083 17.

214 2118 284 2154 494
