1486 2359
122 387 163 418 63

127 941 168 971 64

398 156 590 194 PLINY:
638 156 900 194 NATURAL
937 156 1172 195 HISTORY

189 262 300 308 panis
341 272 460 309 quarn
500 258 560 295 far
598 258 716 296 aliud.
772 259 962 309 populum
1003 259 1226 297 Romanum
1265 260 1369 298 farre

189 327 348 357 tantum
372 333 393 356 e
415 320 617 357 frumento
639 332 705 357 ccc
726 323 838 357 annis
861 333 975 357 usum
1000 320 1157 358 Verrius
1180 322 1318 359 tradit.

240 381 332 418 XII.
361 381 495 419 Tritici
539 395 687 432 genera
732 381 845 431 plura
889 395 992 432 quae
1036 382 1168 420 fecere
1211 389 1367 433 gentes,

192 443 330 480 Italico
365 443 515 479 nullum
551 444 738 493 equidem
771 446 1083 493 comparaverim
1118 445 1291 482 candore
1326 458 1371 482 ac

190 505 379 554 pondere,
405 518 483 555 quo
509 507 681 541 maxime
707 505 972 542 discernitur.¹
1028 509 1227 543 montanis
1253 506 1371 544 modo

189 572 442 615 comparetur
476 565 618 603 Italiae
652 568 755 616 agris
789 572 1015 611 externum,
1048 569 1086 603 in
1120 580 1198 617 quo
1231 570 1371 617 princi-

191 634 330 676 patum
371 630 502 664 tenuit
545 627 725 672 Boeotia,
765 627 858 665 dein
900 627 1044 672 Sicilia,
1086 642 1177 665 mox
1221 629 1369 667 Africa.

191 692 355 726 tertium
403 689 557 739 pondus
606 695 693 726 erat
741 688 922 733 Thracio,
964 689 1090 740 Syrio,
1137 690 1283 728 deinde
1330 697 1373 728 et

192 752 407 801 Aegyptio.
428 750 672 788 athletarum
696 757 782 788 tum
800 751 815 774 ²
834 751 1011 795 decreto,
1032 764 1199 801 quorum
1219 755 1373 802 capaci-

196 819 257 849 tas
288 815 474 849 iumentis
488 812 624 849 similis
652 826 771 863 quem
801 813 970 850 diximus
1000 813 1179 850 ordinem
1208 812 1371 851 fecerat.

195 873 362 911 Graecia
393 880 434 911 et
464 873 672 911 Ponticum
702 874 893 917 laudavit,
916 874 1022 925 quod
1051 877 1090 911 in
1115 874 1272 912 Italiam
1295 889 1371 913 non

197 938 401 985 pervcnit;
452 948 501 972 ex
537 939 642 972 omni
680 941 817 973 autem
851 949 999 986 genere
1035 938 1148 987 grani
1184 937 1371 986 praetulit

191 997 425 1034 dracontian
458 1003 498 1034 et
530 998 766 1047 strangian³
797 1003 838 1034 et
868 996 1106 1035 Selinusium
1136 1004 1373 1048 argumento

191 1061 418 1095 crassissimi
447 1058 611 1102 calami3
654 1061 791 1109 itaque
821 1061 957 1109 pingui
987 1059 1068 1096 solo
1097 1058 1196 1097 haec
1223 1073 1371 1110 genera

193 1120 442 1169 adsignabat.
500 1119 739 1157 levissimum
763 1126 805 1157 et
829 1123 1002 1157 maxime
1026 1123 1143 1158 inane
1166 1121 1373 1170 speudian‚

191 1184 417 1218 tenuissinit
446 1182 602 1226 calami,
632 1185 670 1218 in
701 1182 842 1219 umidis
872 1185 947 1219 seri
978 1182 1157 1226 iubebat,
1187 1185 1372 1233 quoniam

193 1243 319 1280 multo
345 1247 484 1293 egeret
510 1243 712 1280 alimento.
769 1242 844 1280 hae
868 1243 979 1280 fuere
1004 1246 1230 1281 sententiae
1255 1243 1374 1281 Alex-

192 1305 315 1342 andro
342 1305 494 1356 Magno
519 1311 729 1355 regnante,
753 1319 843 1342 curn
867 1305 1081 1342 clarissima
1106 1305 1181 1342 suit
1206 1304 1372 1343 Graecia

192 1371 314 1416 atque
338 1369 376 1403 in
397 1372 485 1404 toto
507 1367 601 1403 orbe
624 1372 822 1403 terrarum
844 1369 1136 1416 potentissima,
1157 1369 1214 1404 ita
1234 1372 1372 1404 tamen

194 1433 238 1464 ut
257 1433 352 1465 ante
372 1434 543 1465 mortem
564 1430 647 1465 eius
668 1430 779 1464 annis
801 1428 883 1465 fere
904 1440 995 1464 cxnv
1016 1427 1232 1477 Sophocles
1253 1435 1373 1478 poeta

193 1492 231 1525 in
246 1488 382 1526 fabula
397 1489 641 1539 Triptolemo
657 1489 902 1526 frumentum
920 1489 1103 1527 Italicum
1119 1496 1214 1527 ante
1229 1495 1372 1527 cuneta

193 1550 413 1588 laudaverit
431 1551 481 1588 ad
499 1551 662 1587 verbum
679 1550 829 1587 tralata
844 1554 1068 1588 sententia:
1100 1551 1107 1562 ‘
1130 1551 1180 1587 Et
1198 1550 1373 1588 fortuna-

193 1618 277 1648 tam
314 1612 470 1649 Italiam
500 1612 701 1648 frumento
728 1611 901 1649 canere‘
927 1611 1124 1655 candido‚'
1153 1625 1256 1662 quae
1290 1612 1373 1649 laus

195 1673 399 1722 peculiaris
427 1673 624 1724 hodieque
654 1673 793 1710 Italico
821 1680 904 1717 est3
945 1687 1023 1724 quo
1050 1677 1176 1725 magis
1203 1673 1374 1712 admiror

273 1749 281 1766 ¹
307 1748 498 1779 Icari-ham:
524 1747 727 1779 decernitur.

267 1791 279 1809 ²
301 1791 486 1832 Dellessen:
519 1802 596 1822 cum
614 1792 733 1831 ([οιιω]
753 1790 798 1822 vel
815 1791 895 1822 olim
915 1791 959 1823 vel
977 1791 1114 1833 quidem
1134 1791 1314 1832 Mayltoff).

269 1834 281 1852 ³
306 1835 483 1866 Camarina
499 1846 505 1864 :
531 1834 684 1875 stelepan
699 1838 757 1865 aul
774 1834 968 1875 istelepant.

265 1877 279 1895 ⁴
307 1877 368 1909 VJ.
386 1888 504 1909 serere.

241 1968 254 1980 ¹¹
278 1964 338 1993 See
356 1974 387 2003 p.
406 1964 481 1999 224.
498 1967 579 1994 note
594 1973 625 1994 α.

242 2005 253 2022 ”
277 2006 359 2037 This
370 2006 438 2037 and
453 2006 511 2037 the
527 2005 700 2048 following
714 2016 799 2037 were
810 2005 1015 2047 apparently
1034 2010 1041 2022 ‘
1054 2005 1197 2048 poulard
1207 2004 1215 2018 ‘
1231 2006 1372 2038 wheatu.

242 2053 253 2067 ²
278 2049 458 2090 Sophocles
475 2049 533 2080 Fr.
552 2050 616 2081 600
633 2049 794 2088 (Pearson
813 2049 858 2079 11.
879 2061 909 2090 1¹·
930 2051 1016 2084 24⁸).

195 2110 265 2146 ²30
