1486 2359
120 535 179 566 118

122 1188 180 1218 119

413 137 601 175 PLINY:
653 137 917 175 NATURAL
954 137 1188 175 HISTORY

210 240 426 278 feritatem.
481 240 633 291 reliqua
656 240 767 278 caelo
790 246 1000 278 constant:
1037 243 1243 290 aptissima
1265 242 1392 278 insitis

208 315 386 356 siccitas;
434 312 548 350 huius
584 315 690 349 enim
724 313 945 350 remedium
981 312 1172 363 adpositis
1207 312 1391 350 fictilibus

211 388 310 422 vasis
325 385 499 423 modicus
513 399 626 422 umor
638 398 709 435 per
720 387 895 423 cinerem
908 384 1114 423 destillans
1126 384 1139 408 ¹
1153 396 1163 429 ;
1179 384 1392 423 inoculatio

209 471 315 495 rores
336 464 446 495 amat
466 457 587 495 lenes.

256 530 401 567 XXVI.
431 530 718 580 Emplastratio
731 529 746 553 ²
767 536 809 567 et
832 532 919 580 ipsa
939 543 989 567 ex
1009 529 1276 567 inoculatione
1295 535 1393 567 nata

208 603 329 640 videri
353 608 501 652 potest,
523 616 654 640 crasso
677 609 813 639 autem
836 605 1011 640 maxime
1033 605 1169 640 cortici
1192 605 1392 646 convenit,

207 677 307 711 sicut
343 681 403 711 est
439 675 531 712 ficis.
587 687 682 725 ergo
716 677 936 725 amputatis
971 675 1153 711 omnibus
1188 677 1307 711 ramis
1341 688 1392 712 ne

208 761 343 784 sucum
361 753 542 791 avocent,
559 747 795 785 nitidissima
813 750 853 784 in
868 754 984 798 parte
1002 760 1160 798 quaque
1177 749 1392 797 praecipua

207 826 394 857 cernatur
418 819 596 857 hilaritas
623 825 812 869 exempta
837 819 992 858 scutula
1016 822 1074 856 ita
1099 833 1148 857 ne
1173 819 1393 858 descendat

208 892 311 929 ultra
327 895 514 929 corticem
535 892 697 936 ferrum,
713 895 952 942 imprimitur
968 905 1017 929 ex
1038 892 1117 928 alia
1131 891 1147 915 ⁸
1165 898 1303 929 cortex
1321 905 1394 942 par

207 978 296 1002 cum
327 968 385 1002 sui
415 967 603 1016 germinis
633 978 822 1009 mamma,
852 967 906 1002 sic
935 977 1117 1016 conpage
1146 964 1319 1002 densata
1347 971 1393 1002 ut

207 1040 379 1075 cicatrici
393 1037 500 1074 locus
514 1051 593 1074 non
605 1040 658 1074 sit
672 1043 715 1075 et
727 1040 866 1075 statim
882 1037 952 1074 fiat
965 1039 1113 1081 unitas,
1126 1050 1201 1075 nec
1214 1050 1392 1075 umorem

210 1123 281 1147 nec
309 1109 503 1147 adflatum
532 1112 748 1160 recipiens3
790 1109 1042 1147 nihilominus
1070 1115 1210 1147 tamen
1239 1115 1281 1147 et
1308 1109 1393 1147 luto

207 1185 359 1220 munire
393 1189 433 1219 et
466 1182 621 1220 vinculo
652 1182 805 1220 melius.
861 1181 935 1220 hoc
966 1196 1093 1234 genus
1126 1195 1205 1219 non
1236 1181 1392 1232 pridem

209 1262 412 1305 repertum
440 1255 577 1292 volunt
605 1258 671 1306 qui
698 1258 807 1293 novis
835 1255 1008 1293 moribus
1035 1254 1188 1299 favent,
1214 1255 1287 1293 sed
1311 1257 1390 1293 iam

208 1334 250 1364 et
263 1327 279 1351 ⁴
299 1328 404 1377 apud
421 1334 577 1365 veteres
594 1328 768 1365 Graecos
785 1330 985 1365 invenitur
1001 1333 1042 1364 et
1059 1327 1165 1378 apud
1181 1327 1392 1372 Catonem,

209 1403 275 1450 qui
303 1400 432 1437 oleam
462 1401 659 1451 ficumque
686 1403 740 1438 sic
768 1403 885 1437 inseri
914 1403 1026 1437 iussit
1054 1413 1239 1437 mensura
1268 1402 1392 1438 etiam

208 1473 419 1522 praefinita
463 1473 681 1510 secundum
728 1472 921 1523 reliquam
968 1472 1219 1522 diligentiam
1264 1468 1392 1517 suam,

208 1547 362 1581 corticis
387 1545 540 1595 scalpro
566 1545 693 1582 excidi
720 1551 913 1595 quattuor
937 1545 1152 1596 digitorum
1179 1544 1392 1596 longitudi-

211 1631 300 1654 nem
328 1623 368 1654 et
394 1620 514 1655 trium
538 1617 794 1655 latitudinem
820 1624 943 1668 atque
968 1619 1027 1654 ita
1050 1619 1324 1667 coagmentari
1350 1623 1392 1655 et

210 1689 274 1726 illa
308 1703 378 1726 sua
413 1692 549 1727 intrita
584 1689 719 1734 oblini,
754 1690 896 1727 eadem
931 1692 1087 1727 ratione
1121 1695 1166 1726 ut
1200 1691 1239 1726 in
1273 1689 1390 1727 malo.

211 1762 372 1812 quidam
408 1761 498 1800 huic
534 1765 671 1813 generi
708 1764 901 1799 miscuere
940 1761 1119 1799 fissuram
1156 1763 1195 1798 in
1232 1761 1392 1806 vitibus,

502 1870 511 1888 ¹
536 1869 599 1901 Ed.
617 1869 722 1900 Hack.
739 1881 746 1900 ε
771 1868 932 1900 destillat.

499 1912 512 1931 ²
537 1912 645 1945 Hm:
671 1912 844 1954 emplastri
863 1912 959 1943 ratio.

497 1955 511 1975 ⁸
535 1955 601 1987 alia.
617 1955 804 1994 <arbore>2
822 1955 1000 1987 Rackham.

502 1999 515 2018 θ
540 1999 695 2039 Mayhoff
707 2011 713 2029 :
738 1999 842 2030 etiam
859 2001 918 2030 aut
932 1998 1039 2030 etiam
1054 1999 1100 2030 et.

205 2059 251 2095 82
