1486 2359
95 232 152 262 147

92 1209 152 1238 142)

385 123 574 161 PLINY:
626 123 890 162 NATURAL
926 123 1162 161 HISTORY

232 227 416 264 XXXIV.
446 227 645 264 Castanea
665 227 916 277 pedamentis
936 227 1118 264 omnibus
1138 226 1365 276 praefertur

181 297 374 334 facilitate
415 302 627 334 tractatus.
670 296 911 346 perdurandi
954 299 1190 346 pervicacia,
1232 309 1364 348 reger-

182 369 398 404 minatione
426 366 578 403 caedua
607 366 668 403 vel
696 366 815 403 salice
842 365 997 403 laetior.
1053 369 1210 416 quaerit
1238 366 1362 404 solum

181 436 294 473 facile
329 450 401 474 nec
433 443 571 473 tamen
605 435 858 479 harenosum,
890 438 1145 486 maximeque
1179 436 1362 474 sabulum

182 507 359 543 umidum
395 512 463 543 aut
498 505 782 543 carbunculum
818 505 880 543 vel
913 506 984 543 tofi
1019 508 1144 543 etiam
1178 505 1364 550 farinam,

181 576 400 625 quamlibet
416 589 541 626 opaco
555 575 939 626 septentrionalique
955 581 997 612 et
1012 575 1256 625 praefrigido
1270 578 1363 619 situ,

182 645 240 682 vel
262 649 384 682 etiam
404 645 566 689 declivi;
600 651 758 682 recusat
777 645 920 683 eadem
939 645 1132 696 glaream,
1152 631 1364 690 rubricam,

148 724 151 731 ·
179 722 330 752 cretam
361 728 600 765 omnemque.
631 721 763 752 terrae
793 714 1100 752 fecunditatem.
1155 717 1232 752 seri
1263 728 1363 753 nuce

180 785 364 829 diximus,
389 785 459 822 sed
483 787 555 821 nisi
581 797 631 822 ex
656 787 839 821 maximis
864 797 943 821 non
967 787 1165 834 provenit,
1190 798 1264 822 nec
1288 787 1364 822 nisi

181 857 308 905 quinis
327 857 542 891 acervatim
560 856 669 891 satis.
725 853 887 904 refringi
905 853 1032 891 solum
1050 854 1176 891 debet
1193 854 1266 892 sub
1285 867 1333 891 ea
1350 854 1365 878 ¹

181 937 230 961 ex
245 923 459 961 Novembri
471 937 607 961 mense
621 926 660 960 in
675 924 948 967 Februarium,
961 937 1039 974 quo
1051 923 1208 961 solutae
1220 930 1365 974 sponte

179 994 328 1030 cadunt
367 1007 417 1031 ex
455 994 594 1030 arbore
633 1000 756 1044 atque
795 994 1100 1031 subnascuntur.
1155 993 1365 1032 intervalla

180 1066 258 1100 sint,
304 1063 477 1113 pedalia,
523 1063 699 1114 undique
745 1063 853 1101 sulco
899 1063 1140 1101 dodrantali.
1197 1077 1247 1101 ex
1292 1063 1366 1102 hoc

181 1136 390 1170 seminario
420 1133 716 1171 transferuntur
746 1136 785 1171 in
815 1133 923 1171 aliud
952 1133 1128 1183 bipedali
1157 1133 1366 1172 intervallo

180 1210 267 1253 post
298 1204 514 1240 biennium.
571 1209 709 1240 serunt
739 1210 781 1241 et
811 1206 1045 1254 propagine,
1074 1203 1171 1241 nulli
1202 1203 1365 1254 quidem

180 1273 405 1316 faciliore32
434 1273 586 1309 nudata
611 1276 716 1310 enim
739 1273 872 1310 radice
893 1279 983 1310 tota
1005 1275 1044 1310 in
1067 1272 1175 1311 sulco
1194 1279 1365 1324 proster-

181 1346 300 1386 nitur,
313 1349 400 1380 tum
415 1356 463 1379 ex
476 1345 682 1380 cacumine
696 1356 815 1393 supra
827 1349 979 1380 terram
992 1342 1131 1380 relicto
1144 1345 1366 1381 renascitur

181 1419 222 1450 ct
234 1413 309 1449 alia
323 1413 373 1449 ab
387 1413 530 1450 radice.
575 1413 647 1451 sed
658 1413 806 1450 tralata
821 1416 947 1450 nescit
959 1412 1150 1463 hospitari
1162 1419 1365 1464 pavetque

181 1485 399 1519 novitatem
412 1483 572 1519 biennio
585 1482 690 1526 serc;
716 1489 858 1532 postea
874 1482 1038 1532 prosilit.
1095 1483 1185 1520 ideo
1197 1483 1362 1520 nucibus

181 1555 310 1601 potius
325 1566 444 1602 quam
458 1552 735 1589 viviradicibus
751 1552 952 1602 plantaria
964 1552 1118 1590 caedua
1135 1551 1363 1603 implentur.

93 1627 150 1656 15⁰
177 1622 330 1658 cultura
365 1636 442 1659 non
475 1622 553 1658 alia
586 1636 706 1672 quam
738 1636 858 1672 supra
890 1622 1022 1666 dictis,
1054 1622 1243 1660 fodiendo
1275 1635 1366 1673 sup-

180 1691 446 1742 putandisque
472 1705 544 1741 per
569 1692 774 1729 biennium
801 1705 984 1742 sequens.
1039 1692 1090 1730 de
1115 1698 1252 1730 cetero
1279 1694 1364 1742 ipsa

234 1780 244 1798 ¹
270 1779 431 1820 Detlessen
448 1792 454 1811 :
480 1780 582 1811 debet
599 1790 711 1821 supra.

228 1823 240 1841 '·'
263 1827 379 1853 serunt
410 1828 445 1854 et
476 1824 660 1864 propagine
686 1848 692 1855 .
720 1847 727 1855 .
755 1848 761 1855 .
788 1823 961 1855 faciliore?
1010 1823 1185 1864 Mayhoff:
1221 1827 1303 1856 aunt
1329 1827 1365 1856 et

185 1866 384 1906 propagines
410 1891 417 1898 .
445 1890 451 1897 .
479 1891 485 1897 .
511 1866 686 1898 faciliores.

509 1947 1351 1954 —-———..-————-—

396 2002 410 2018 ⁰
433 1999 504 2030 Tho
524 1999 641 2030 winow
659 2000 672 2037 5
697 2001 755 2030 143
773 2000 839 2030 and
860 1999 917 2031 the
936 1999 1045 2039 rec‹1§
1069 2001 1140 2032 144.

183 2063 247 2087 102
