1486 2359
126 583 186 614 144

126 1063 186 1095 145

126 1483 186 1513 146

422 176 586 213 PLINY
603 190 612 214 :
656 176 920 214 NATURAL
956 176 1190 214 HISTORY

218 280 252 316 lo
272 282 415 316 nitrive
434 282 519 316 triti
540 279 647 329 quod
666 280 793 316 tribus
813 280 948 330 digitis
967 284 1151 330 capiatur
1168 281 1397 321 celeriorem

215 339 265 376 ad
287 341 566 376 maturitatem
589 339 671 376 fieri
694 346 864 389 putent;
899 346 992 377 sunt
1015 343 1081 390 qui
1103 353 1239 378 semen
1261 341 1397 380 trifolii

216 402 444 449 nitrumque
464 399 579 436 simul
597 402 738 436 tritum
758 399 1004 450 adspergant
1024 399 1137 437 foliis.
1193 404 1340 438 nitrum
1358 404 1397 438 in

213 459 421 509 coquendo
439 461 561 496 etiam
580 459 824 496 viriditatem
844 459 1032 503 custodit,
1051 466 1096 497 ut
1117 465 1159 497 et
1172 460 1187 485 ²
1206 461 1397 511 Apiciana

213 525 388 562 coctura,
407 518 494 555 oleo
513 532 558 556 ac
577 518 659 556 sale
679 521 909 570 priusquam
929 525 1153 570 coquantur
1172 524 1396 558 maceratis.

214 585 275 616 est
295 582 400 616 inter
419 577 562 615 herbas
581 592 708 629 genus
729 579 925 616 inserendi
948 582 1134 630 praecisis
1154 581 1398 630 germinibus

214 645 255 676 et
276 638 397 676 caulis
419 641 457 675 in
478 639 695 676 medullam
716 641 867 676 semine
889 652 938 676 ex
960 639 1044 677 aliis
1066 639 1227 683 addito;
1262 639 1335 679 hoc
1356 647 1398 679 et

214 702 253 736 in
272 711 482 736 cucumere
502 699 683 736 silvestri.
740 712 812 736 nec
833 713 910 736 non
931 699 1016 736 olus
1037 713 1195 750 quoque
1215 700 1397 738 silvestre

213 765 273 796 est
290 757 492 808 triumpho
515 759 593 796 divi
619 759 706 795 Iulii
722 759 962 796 carminibus
986 762 1200 809 praecipue
1224 762 1398 811 iocisque

213 819 449 856 militaribus
492 818 763 856 celebratum:
822 819 985 856 alternis
1031 822 1178 870 quippe
1223 821 1398 858 versibus

213 879 503 928 exprobravere
537 878 703 928 lapsana
734 892 776 916 se
810 881 952 916 vixisse
985 886 1083 929 aput
1118 879 1398 930 Dyrrachium,

212 941 478 988 praemiorum
504 941 783 988 parsimoniam
809 938 1053 976 cavillantes.
1110 945 1170 976 est
1197 945 1333 977 autem
1360 939 1397 977 id

212 1012 327 1050 cyma
349 998 548 1035 silvestris.

264 1058 394 1095 XLII.
428 1058 618 1096 Omnium
653 1061 690 1095 in
730 1057 853 1095 hortis
888 1072 1018 1096 rerum
1055 1059 1273 1097 lautissima
1305 1073 1398 1097 cura

215 1121 430 1169 asparagis.
490 1119 540 1155 de
554 1121 705 1170 origine
720 1132 856 1156 eorum
871 1132 892 1156 e
904 1119 919 1142 ²
936 1119 1180 1156 silvestribus
1195 1119 1370 1157 corrudis
1380 1119 1396 1143 ³

214 1179 373 1216 abunde
387 1179 538 1216 dictum
553 1185 594 1215 et
611 1179 809 1229 quomodo
823 1193 889 1216 eos
907 1179 1063 1216 iuberet
1080 1178 1182 1217 Cato
1199 1182 1238 1216 in
1255 1178 1396 1217 harun-

213 1239 360 1276 dinetis
383 1241 472 1276 seri.
528 1245 588 1276 est
619 1245 661 1275 ct
691 1239 800 1276 aliud
828 1252 955 1290 genus
985 1239 1170 1277 incultius
1191 1253 1398 1290 asparago,

214 1302 348 1336 mitius
376 1299 560 1342 corruda,
589 1302 734 1348 passim
765 1302 888 1336 etiam
918 1302 956 1335 in
987 1299 1187 1336 montibus
1219 1313 1398 1344 nascen5‚

215 1358 372 1395 refertis
394 1360 606 1407 superioris
621 1358 861 1395 Germaniae
877 1361 1042 1408 campis,
1060 1371 1137 1395 non
1158 1358 1319 1396 inficeto
1338 1358 1396 1396 Ti.

215 1417 395 1454 Caesaris
416 1418 524 1455 dicto
546 1417 710 1454 herbam
735 1418 786 1454 ibi
804 1418 1008 1468 quandam
1032 1420 1136 1455 nasci
1160 1418 1396 1455 simillimam

213 1491 420 1528 asparago.
477 1491 568 1514 nam
603 1478 708 1527 quod
742 1480 780 1514 in
814 1478 961 1515 Neside
994 1478 1239 1527 Campaniae
1273 1478 1398 1515 insula

213 1543 355 1587 sponte
375 1539 549 1573 nascitur
568 1536 688 1587 longe
706 1539 900 1586 optimum
921 1539 1184 1574 existimatur.
1239 1535 1397 1574 horten-

215 1598 314 1632 sium
351 1598 495 1632 seritur
530 1598 738 1645 spongeis;
789 1602 849 1632 est
886 1598 990 1632 enim
1029 1595 1221 1645 plurimae
1258 1595 1397 1633 radicis

215 1654 500 1704 altissumeque
531 1657 744 1704 germinat.
802 1657 899 1691 viret
933 1653 1070 1705 thyrso
1102 1657 1272 1704 primum
1304 1657 1396 1692 emi-

409 1741 417 1758 ¹
443 1745 482 1771 ut
498 1745 534 1771 et
553 1740 725 1780 Mayhoss:
752 1744 791 1771 ut.
809 1741 840 1770 in
858 1741 943 1770 coni.
960 1740 1091 1772 Dalm:
1117 1743 1189 1771 aut.

405 1784 417 1801 ‘⁸'
440 1793 459 1814 e
474 1783 549 1815 add.
569 1783 740 1823 illayhoff:
767 1784 800 1814 in
817 1784 886 1814 edd.
907 1787 975 1815 vell.

405 1826 417 1843 ³
443 1826 618 1867 Jlayhoff:
643 1827 740 1858 curis.

261 1957 276 1972 ⁸
300 1954 326 1984 A
342 1953 533 1984 celebrated
547 1957 704 1994 gout-met
717 1952 824 1984 under
838 1953 1012 1994 Augustus
1026 1952 1094 1984 and
1108 1952 1272 1989 Tiberius,
1286 1951 1397 1984 whose

216 2007 314 2027 name
344 1997 369 2027 is
397 1996 559 2027 attached
587 2001 624 2028 to
651 2006 672 2027 a
699 1996 845 2036 cookery
875 1995 962 2027 book
991 1996 1022 2027 in
1052 1999 1109 2027 ten
1138 1995 1302 2033 volumen,
1329 1995 1397 2028 still

213 2044 345 2070 extant.

214 2112 283 2146 51⁴
