1486 2359
167 1032 207 1062 98

169 1676 209 1703 92³

435 153 627 190 PLINY:
677 153 938 190 NATI'RAL
976 152 1212 190 HISTORY

234 257 325 292 A<ia
357 257 605 305 Graeciaque
636 258 864 306 erysimum,
893 255 1080 305 idemque
1110 261 1198 292 erat
1226 257 1298 292 nisi
1327 258 1410 305 pin-

231 323 345 369 guius
381 325 485 356 esset
517 319 623 369 quod
657 319 763 369 apud
796 332 866 356 nos
905 325 1047 356 vocant
1080 321 1260 363 irionem,
1288 319 1410 357 medi-

231 383 449 420 caminibus
495 383 838 420 adnumerandum
885 385 1017 433 potius
1059 396 1179 433 quam
1220 382 1410 434 frugibus.

233 447 411 484 eiusdem
440 453 608 484 naturae
639 454 680 484 et
710 447 933 484 horminum
963 446 1125 484 Graecis
1153 447 1319 491 dictum,
1342 447 1411 484 sed

232 514 389 548 cumino
422 511 562 555 simile,
591 514 734 548 seritur
763 525 854 548 cum
887 523 1065 554 sesama3
1106 510 1181 548 hac
1214 517 1257 548 et
1289 514 1411 548 irione

232 575 381 612 nullum
403 575 548 612 animal
576 579 747 612 vescitur
767 576 997 612 virentibus.

283 639 438 677 XXIII.
471 639 626 676 Pistura
643 653 721 676 non
737 642 913 676 omnium
927 639 1066 683 facilis,
1083 642 1230 690 quippe
1251 639 1410 677 Etruria

232 707 380 754 spicam
414 704 527 741 farris
559 707 654 741 tosti
687 707 843 754 pisente
876 704 957 754 pilo
988 703 1250 754 praeferrato,
1280 704 1411 741 fistula

231 775 383 806 serrata
398 774 438 805 et
451 768 567 806 stella
584 771 690 806 intus
707 768 970 812 denticulata,
984 774 1041 811 ut,
1055 771 1086 805 si
1106 771 1251 805 intenti
1267 771 1412 818 pisant,

231 833 492 870 concidantur
511 846 637 883 grana
658 832 886 883 ferrumque
907 832 1128 881 frangatur.
1179 835 1304 869 maior
1323 846 1412 882 pars

235 897 376 934 Italiae
397 897 503 934 nudo
524 900 649 934 utitur
668 897 761 947 pilo,
780 899 875 933 rotis
897 900 1019 933 etiam
1041 909 1138 946 quas
1159 909 1263 947 aqua
1283 903 1412 933 verset

234 962 363 998 obiter
395 968 436 998 et
468 961 604 998 mola.1
656 962 706 998 de
738 964 821 1011 ipsa
854 963 1008 998 ratione
1039 961 1194 1010 pisendi
1230 960 1413 1011 Magonis

234 1039 499 1076 proponemus
514 1028 780 1063 sententiam:
809 1028 985 1062 triticum
1001 1031 1095 1062 ante
1110 1024 1295 1075 perfundi
1310 1038 1413 1076 aqua

235 1090 361 1127 multa
379 1090 504 1133 iubet,
522 1096 663 1140 postea
683 1089 810 1133 emili,
828 1090 921 1127 dein
939 1089 1019 1126 sole
1038 1092 1230 1126 siccatum
1248 1092 1287 1126 in
1303 1089 1318 1112 2
1335 1089 1414 1139 pila

235 1157 377 1204 repeti,
413 1154 528 1191 simili
566 1155 683 1191 modo
721 1153 936 1197 hordeum;
984 1153 1098 1190 huius
1135 1156 1329 1191 sextarios
1366 1166 1414 1190 xx

234 1222 366 1269 spargi
387 1219 540 1255 duobus
562 1222 743 1255 sextariis
765 1231 906 1268 aquae.
962 1218 1113 1255 lentem
1132 1220 1273 1254 torreri
1294 1221 1414 1267 prius,

235 1283 327 1320 dein
341 1297 431 1320 cum
447 1283 663 1319 furfuribus
678 1283 821 1320 leviter
834 1285 908 1332 pisi
923 1288 993 1319 aut
1009 1282 1149 1319 addito
1164 1284 1204 1318 in
1219 1284 1413 1319 sextarios

235 1360 283 1384 xx
302 1347 437 1385 lateris
458 1347 567 1384 erudi
589 1346 715 1384 frusto
737 1353 778 1384 et
798 1346 973 1383 harenae
994 1345 1183 1383 semodio.
1239 1345 1413 1383 erviliam

236 1412 374 1449 iisdem
415 1412 540 1448 modis
583 1411 724 1461 quibus
766 1411 929 1448 lentem.
984 1413 1168 1448 sesimam
1209 1412 1248 1447 in
1287 1409 1415 1448 calida

237 1482 480 1513 maceratam
501 1479 713 1525 exporrigi,
732 1476 825 1512 dein
843 1475 1048 1512 confricari
1068 1480 1110 1512 et
1128 1473 1271 1525 frigida
1290 1477 1414 1525 mergi

238 1546 280 1576 ut
313 1540 453 1589 paleae
486 1540 742 1583 fluctuentur,
775 1543 1001 1589 iterumque
1033 1541 1231 1589 exporrigi
1262 1541 1303 1575 in
1333 1539 1415 1576 sole

235 1617 353 1653 super
387 1604 526 1648 lintea,
560 1604 666 1654 quod
699 1607 771 1640 nisi
804 1603 995 1641 festinato
1027 1608 1257 1653 peragatur,
1289 1602 1416 1640 lurido

236 1668 364 1705 colore
399 1681 637 1705 mucescere.
693 1674 735 1705 et
768 1671 852 1718 ipsa
885 1674 1021 1705 autem
1055 1680 1159 1717 quae
1192 1665 1416 1704 evalluntur

519 1771 530 1790 ¹
554 1770 642 1801 Ian:
668 1770 785 1801 molat.

516 1814 528 1832 ¹
553 1815 586 1845 in
603 1813 672 1845 coll.
692 1822 811 1845 xxxm
829 1814 869 1845 87
886 1813 960 1844 add.
979 1811 1130 1844 Mueller.

674 1977 689 1992 ‘¹
712 1973 843 2004 winter
859 1983 956 2005 crees.

678 2015 691 2036 ⁶
713 2016 824 2057 Clary.

238 2091 306 2127 ²50
