1486 2359
152 361 212 392 11³2

152 789 212 819 193

156 1164 216 1195 194

448 143 637 181 PLINY:
680 142 942 180 NATURAL
979 141 1214 180 IIISTORY

239 247 420 298 gracilior
434 253 476 284 et
491 249 530 283 in
545 259 692 283 annum
707 248 872 282 tertium
887 251 1028 282 cesset.
1083 244 1329 283 frumentum
1343 247 1419 283 seri

240 301 402 353 quidam
419 306 558 337 vetant
574 302 646 336 nisi
662 302 702 336 in
717 313 763 336 ea
780 313 882 349 quac
900 301 1077 348 proximo
1093 312 1196 336 anno
1212 301 1418 349 quieverit.

293 354 403 391 LIII.
436 354 657 390 Maximam
689 352 804 389 huius
835 353 906 389 loci
939 358 1095 402 partem
1127 354 1419 390 stercorationis

239 411 396 458 optinet
413 410 529 451 ratio,
545 408 596 444 de
614 420 692 457 qua
710 413 751 443 et
768 409 897 456 priore
914 406 1086 443 diximus
1103 405 1314 443 volumine.
1346 404 1420 443 hoc

238 466 398 499 tantum
417 464 566 498 nemini
583 463 875 510 incompertum
893 460 906 483 ¹
925 466 1000 503 est,
1019 462 1091 497 nisi
1108 465 1327 497 stercorato
1344 461 1419 496 seri

241 529 316 552 non
337 521 535 564 oportere,
554 527 798 565 quamquam
817 520 859 550 et
877 512 968 550 huic
987 513 1096 564 leges
1113 519 1206 550 sunt
1224 515 1418 563 propriae.

239 569 406 612 milium,
434 571 635 618 panicum,
663 581 773 617 rapa,
803 580 924 616 napos
954 569 1027 603 nisi
1056 569 1095 604 in
1123 572 1342 604 stercorato
1370 579 1420 603 ne

238 622 410 665 serito;²
455 635 534 659 non
575 627 795 659 stercorato
838 620 1083 657 frumentum
1127 623 1258 669 potius
1300 633 1419 670 quam

239 675 431 713 hordeum
461 678 593 712 serito.
650 678 747 712 item
776 677 816 711 in
844 674 1061 716 novalibus,
1089 676 1251 710 tametsi
1280 676 1320 710 in
1348 673 1421 710 illis

240 729 373 766 fabam
400 732 475 766 scri
502 728 652 771 volunt,
679 728 848 765 eandem
875 728 1115 778 ubicumque
1142 741 1261 777 quam
1286 739 1422 764 recen-

238 786 389 820 tissime
431 789 650 820 stercorato
692 782 785 818 solo.
841 788 1034 818 autumno
1076 780 1224 831 aliquid
1265 786 1421 818 saturus

239 837 466 886 Septembri
508 849 645 873 mense
694 836 831 872 fimum
878 838 918 871 in
961 849 1056 885 agro
1098 834 1289 878 acm-vet?
1332 839 1421 884 post

240 892 408 928 imbrem
434 893 595 940 utique;
627 889 715 927 sin⁴¹
740 902 860 926 verno
879 891 952 925 erit
973 895 1144 931 saturus,
1158 901 1230 938 per
1248 887 1421 925 hiemem

241 945 378 981 fimum
395 945 782 994 disponat—iustum
800 949 861 979 est
878 941 997 979 vehes
1013 954 1111 978 xvm
1127 944 1264 992 iugero
1279 941 1399 978 tribui
1413 953 1422 984 ;

241 999 470 1048 dispergere
486 1003 628 1034 caveto
643 997 659 1021 ⁵
675 1000 905 1046 priusquam
923 1009 1022 1033 ares.
1077 1001 1120 1032 at
1135 998 1240 1032 iacto
1257 997 1422 1036 semine,

241 1055 271 1089 si
293 1052 391 1089 haec
410 1054 553 1088 omissa
573 1054 624 1088 sit
643 1052 890 1093 stercoratio,
909 1062 1080 1100 sequens
1099 1055 1175 1093 est,
1193 1051 1420 1098 priusquam

241 1109 376 1149 sarias,
397 1111 441 1141 ut
469 1106 548 1142 fimi
577 1118 626 1141 ex
650 1107 804 1140 aviariis
824 1105 984 1140 seminis
1005 1105 1088 1140 vice
1111 1115 1275 1153 spargas
1289 1102 1306 1125 ⁶
1328 1107 1421 1138 ante

242 1159 458 1210 pulverem.
515 1158 621 1209 quod
646 1164 690 1194 ut
715 1157 816 1194 hanc
841 1170 999 1207 quoque
1023 1169 1157 1193 curam
1183 1156 1423 1193 determine-

243 1227 346 1256 mus,
383 1215 531 1249 iustum
571 1211 742 1249 mense⁷
780 1211 954 1261 singulas
993 1209 1112 1247 vehes
1147 1210 1226 1247 fimi
1261 1208 1424 1247 redire⁸

243 1269 282 1303 in
304 1266 478 1316 singulas
500 1266 674 1316 pecudes
697 1268 882 1308 minores,
897 1267 937 1301 in
953 1267 1120 1301 maiores
1143 1263 1299 1301 denas.⁹
1350 1265 1422 1300 nisi

240 1323 448 1370 contingat
490 1319 577 1363 hoc,
620 1319 724 1356 male
766 1319 1026 1355 substravisse
1068 1320 1199 1367 pecori
1241 1316 1421 1354 colonum

245 1379 450 1424 appareat.
505 1379 596 1410 sunt
617 1376 684 1423 qui
703 1375 854 1422 optime
873 1374 1080 1409 stercorari
1100 1376 1245 1421 putent
1264 1370 1337 1408 sub
1356 1370 1421 1407 diu

245 1428 395 1465 retibus
438 1427 587 1464 inclusa
630 1440 817 1476 pecorum
862 1429 1078 1462 mancione.
1134 1438 1229 1475 ager
1271 1427 1302 1461 si
1346 1437 1422 1461 non

296 1541 304 1558 ¹
333 1541 489 1581 Manlios(
501 1540 562 1580 (vel
577 1540 804 1571 inconfessum
817 1542 846 1578 τ)
862 1552 868 1570 ;
894 1542 1029 1570 tantum
1048 1539 1137 1570 enim
1155 1539 1403 1579 inconpessum.

296 1584 308 1602 ²
330 1585 434 1615 serito
462 1583 645 1624 Derlrssen:
681 1584 804 1614 seritor
834 1582 1004 1623 ‘Ilayhossz
1041 1584 1198 1613 serantur
1227 1581 1297 1613 edd.
1329 1584 1419 1613 vet!.:

250 1632 379 1658 santur.

292 1669 304 1686 ³
331 1669 501 1709 Mayhnff:
527 1669 645 1700 fimum
663 1669 827 1709 inarguet.

292 1713 304 1730 ⁴
328 1713 405 1744 sin?
432 1712 602 1752 Mayhofs:
627 1713 664 1743 si.

295 1756 308 1775 ⁸
331 1758 452 1787 caveto
469 1755 640 1796 Mayhnff:
666 1757 794 1786 autem.

296 1799 309 1818 ⁰
333 1802 371 1829 ut
396 1822 403 1829 .
429 1822 435 1829 .
463 1823 470 1830 .
494 1808 633 1839 spargas
653 1797 718 1829 add
739 1796 898 1838 Maylmss
911 1797 983 1828 coll.
1002 1796 1104 1828 XVII
1125 1797 1177 1834 50,
1193 1797 1234 1828 53
1251 1800 1279 1829 el
1293 1797 1422 1828 Colum.

242 1841 289 1874 11.
310 1843 359 1873 15.
378 1843 407 1872 2.

294 1885 306 1903 ⁷
332 1883 503 1925 Mayhoff:
530 1883 656 1914 iustum
673 1886 736 1914 est.

294 1928 307 1947 ⁸
331 1927 437 1958 redire
476 1926 647 1966 Mayhoff:
699 1925 838 1957 definire
885 1924 1066 1966 Deilefsen:
1122 1924 1269 1956 terdenis
1315 1923 1422 1955 redire

256 1970 405 2002 Urlichs:
431 1970 569 2001 denario
586 1970 642 2001 ire.

291 2014 305 2032 ⁰
329 2014 433 2044 denas
444 2013 602 2052 <tricenis
616 2012 758 2051 diebus>
773 2012 809 2043 L.
823 2011 997 2043 Poiminet
1009 2011 1047 2042 de
1059 2011 1158 2051 Sivry
1173 2021 1210 2043 ex
1228 2009 1422 2043 Columella.

242 2086 312 2122 310
