1486 2359
128 584 188 614 169

128 1098 186 1128 170

421 154 609 192 PLINY:
662 154 926 193 NATURAL
963 154 1199 194 HISTORY

216 264 425 307 praeterea
450 259 663 307 pulvinatis
687 271 710 294 a
733 257 966 295 devexitate
987 257 1120 295 labris.
1175 260 1242 308 qui
1265 271 1315 296 ex
1337 257 1396 296 his

217 322 411 372 longiores
429 322 540 365 fient,
556 328 599 359 ut
617 324 718 359 n‘tes
731 321 846 359 binas
861 324 1059 371 accipiant
1076 335 1097 359 e
1113 322 1281 366 diverso,
1296 322 1397 359 alvei

216 387 474 423 vocabuntur.
532 399 617 423 esse
659 388 748 422 vitis
790 386 966 423 radicem
1007 388 1047 422 in
1088 386 1220 423 medio
1260 386 1398 424 scrobe

215 456 390 500 oportet,
434 450 505 487 sed
551 453 677 500 ipsam
723 452 901 487 innixam
947 449 1071 487 solido
1117 453 1157 487 in
1201 453 1398 488 orientem

216 514 549 564 aequinoctialem
572 520 769 564 spectare,
791 514 1029 551 adminicula
1053 517 1180 564 prima
1202 527 1223 552 e
1244 514 1399 552 calamo

214 582 416 628 accipere3
471 581 606 615 vineas
648 578 809 615 limitari
849 578 1072 616 decumano
1112 591 1210 616 xvm
1250 579 1399 629 pedum

215 643 436 680 latitudinis
491 643 541 679 ad
595 645 814 679 contrarios
869 641 1138 680 vehiculorum
1192 646 1399 686 transitus,

215 707 380 757 aliisque
410 710 596 743 traversis
626 707 817 743 limitibus
848 707 996 744 denum
1028 707 1177 756 pedum
1207 707 1398 758 distingui

215 784 286 821 per
312 771 443 808 media
471 775 623 822 iugera,
650 777 734 815 aut,
760 775 791 808 si
818 774 944 808 maior
969 771 1109 809 modus
1136 774 1201 815 sit,
1226 772 1399 810 totidem

215 835 363 885 pedum
384 836 544 872 cardine
567 842 664 885 quot
686 836 910 872 decumano
931 835 1106 879 limitari,
1127 849 1286 886 semper
1306 850 1399 874 vero

215 903 417 949 quintanis
448 903 640 943 semitari,
672 899 744 937 hoc
776 905 838 936 est
869 905 913 936 ut
946 903 1086 950 quinto
1117 913 1277 950 quoque
1307 901 1400 951 palo

214 964 394 1014 singulae
423 967 515 1013 iugo
543 967 714 1014 paginae
742 964 1019 1007 includantur3
1060 964 1142 1001 solo
1169 967 1294 1014 spisso
1320 978 1400 1002 non

216 1031 286 1064 nisi
324 1031 570 1077 repastinato
600 1041 672 1065 nee
699 1031 771 1064 nisi
798 1028 1050 1065 viviradicem
1076 1031 1166 1072 seri,
1191 1035 1332 1066 tenero
1357 1036 1399 1067 et

213 1092 342 1129 ⁴soluto
383 1092 442 1128 vel
482 1092 708 1129 malleolum
749 1092 857 1129 sulco
897 1092 958 1129 vel
997 1093 1148 1130 scrobe.
1202 1095 1243 1130 in
1280 1093 1398 1131 colles

214 1156 340 1193 sulcos
377 1170 497 1207 agere
533 1162 730 1193 traversos
767 1156 908 1193 melius
944 1169 1066 1207 quam
1101 1159 1318 1206 pastinare,
1353 1165 1399 1196 ut

214 1220 386 1257 defluvia
408 1223 591 1257 transtris
615 1234 751 1258 eorum
775 1224 1079 1263 contineantur;
1117 1234 1266 1271 aquoso
1287 1221 1399 1260 caelo

214 1285 275 1321 vel
293 1288 394 1321 <icco
411 1285 494 1321 solo
511 1285 715 1321 malleolos
732 1298 864 1321 serere
882 1291 1089 1329 autumno,
1106 1288 1179 1322 nisi
1196 1288 1227 1322 si
1244 1292 1398 1324 tractus

215 1352 315 1385 ratio
331 1349 546 1386 mutabitl:
570 1352 693 1386 siccus
707 1352 812 1386 enirn
827 1349 1027 1386 ercalidus
1042 1356 1235 1387 autumno
1247 1357 1399 1400 poscet,

215 1414 370 1450 umidus
396 1413 640 1463 frigidusque
666 1417 790 1450 etiam
816 1417 915 1451 veris
941 1416 1064 1451 exitu.
1120 1417 1159 1450 in
1183 1413 1293 1452 arido
1315 1415 1398 1453 solo

216 1478 405 1514 viviradix
446 1492 604 1528 qnoqm¹
638 1478 783 1515 frustra
816 1480 974 1521 seritur,
1006 1477 1110 1515 male
1143 1484 1185 1516 et
1216 1481 1256 1516 in
1287 1482 1398 1517 siccis

215 1542 434 1579 malleolus.
456 1544 526 1578 nisi
550 1549 635 1591 post
660 1543 842 1585 imbrem,
862 1548 905 1579 at
926 1545 966 1579 in
987 1545 1106 1593 riguis
1129 1542 1189 1579 vel
1209 1542 1396 1581 frondens

217 1609 303 1642 vitis
335 1613 376 1642 et
408 1619 532 1656 usque
564 1606 614 1642 ad
645 1606 857 1642 wlsntium
889 1613 1014 1650 recte,
1044 1613 1090 1643 ut
1119 1609 1160 1644 in
1191 1606 1396 1657 Hispania.

595 1700 606 1718 ¹
631 1699 816 1740 Delhssen:
843 1701 1003 1732 mutavit.

255 1850 268 1862 ⁴²
291 1846 428 1886 pagina.
458 1846 515 1877 the
544 1846 640 1876 trade
669 1849 755 1877 term
785 1845 836 1876 sor
863 1845 939 1878 four
967 1856 1052 1877 rows
1079 1846 1119 1878 of
1151 1847 1246 1879 vines
1280 1848 1395 1889 joined

212 1890 368 1922 tous-ther
385 1890 417 1919 in
435 1899 453 1919 a
470 1899 592 1929 square
611 1889 655 1929 by
672 1888 761 1920 their
776 1888 929 1920 trellises.

259 1933 270 1950 ὓ
297 1932 354 1962 W«-
381 1932 501 1963 should
529 1943 591 1972 say
616 1932 737 1972 ‘every
765 1931 880 1963 fourth
894 1932 913 1963 '.
961 1931 1056 1963 Each
1080 1932 1208 1973 payina
1233 1932 1295 1965 has
1320 1933 1396 1966 four

210 1975 293 2015 pali.
341 1975 389 2005 To
407 1975 465 2006 the
483 1975 636 2006 Romans
653 1978 672 2006 5
690 1985 758 2006 was
775 1975 832 2006 the
850 1974 927 2006 fifth
945 1975 1090 2006 number
1104 1976 1195 2008 after
1213 1977 1241 2014 1,
1259 1977 1278 2008 2
1296 1976 1395 2019 being

211 2018 384 2055 sccundus,
405 2019 412 2030 ¹
429 2018 487 2049 the
506 2018 676 2059 following
696 2017 869 2050 numbcr'.

216 2080 282 2114 116
