1486 2359
125 579 165 609 76

125 1095 164 1125 77

126 1353 166 1382 78

396 149 484 187 PLI
493 149 589 186 NY:
631 147 895 185 NATURAL
931 149 966 185 H
975 149 1167 186 ISTORY

194 265 279 289 mus
297 251 433 294 videri,
449 254 521 288 nisi
542 251 685 288 medici
706 251 909 288 masculini
925 264 1043 289 sexus
1060 252 1240 289 facerent
1259 254 1296 289 ln
1315 251 1374 289 his

194 316 378 359 rotunda,
401 315 543 352 latiora
569 328 660 352 vero
686 322 728 353 et
752 329 924 352 concava
950 315 1143 360 feminini,
1170 322 1374 366 praestan-

193 383 293 417 tiora
315 383 515 417 suavitate
539 386 581 417 et
603 380 654 418 ad
676 380 928 417 condendum
946 380 958 403 ¹
982 379 1181 423 faciliora;
1216 383 1374 431 saepius

192 451 279 481 sata
301 450 509 481 transeunt
532 447 570 480 in
592 457 755 481 marem.
812 444 916 482 idem
940 458 1133 495 naporum
1153 451 1345 496 quattuor
1360 444 1375 468 ²

192 522 341 559 genera
366 508 511 551 fecere,
537 507 802 551 Corinthium,
827 508 1086 552 Cleonaeum,
1113 508 1375 553 Liothasium,

193 572 416 616 Boeotium,
433 573 539 622 quod
556 580 597 610 et
610 573 626 596 ³
645 586 715 622 per
733 585 775 610 se
792 573 914 609 viride
928 573 1128 611 dixerunt.
1185 586 1235 610 ex
1254 573 1314 610 his
1333 576 1373 610 in

192 637 496 687 amplitudinem
513 637 703 674 adolescit
719 636 983 680 Corinthium,
999 637 1106 674 nuda
1121 637 1204 674 fere
1220 638 1375 681 radice3

192 701 317 738 solum
335 705 440 739 enim
455 701 528 738 hoc
542 715 668 752 genus
684 715 854 752 superne
869 701 1015 746 tendit,
1030 715 1108 739 non
1127 708 1171 739 ut
1184 708 1320 739 cetera
1337 704 1374 739 in

192 772 353 803 terram.
410 765 658 803 Liothasium
700 766 862 816 quidam
903 765 1117 803 Thracium
1159 766 1377 817 appellant,

193 831 382 881 frigorum
418 833 768 880 patientissimum.
823 837 866 867 at
902 830 1112 868 Boeotium
1149 830 1264 868 dulce
1301 837 1376 874 est,

193 895 441 932 rotunditate
457 897 578 932 etiam
594 895 702 931 brevi
718 895 909 938 notabile,
925 908 1054 945 neque
1070 901 1114 932 ut
1129 895 1376 932 Cleonaeum

193 959 465 1010 praelongum.
521 962 560 996 in
591 965 723 996 totum
756 959 917 1009 quidem
950 972 1119 1009 quorum
1151 959 1252 997 levia
1283 959 1376 997 folia

194 1026 266 1074 ipsi
289 1037 447 1074 quoque
470 1023 678 1068 dulciores,
701 1037 868 1074 quorum
891 1024 1031 1061 scabra
1054 1030 1097 1061 et
1119 1023 1311 1075 angulosa
1333 1030 1376 1062 et

193 1087 351 1125 horrida
392 1091 617 1125 amariores.
673 1095 734 1125 est
776 1095 988 1138 praeterea
1029 1101 1156 1139 genus
1197 1089 1377 1126 silvestre

192 1155 302 1190 cuius
353 1152 447 1189 folia
496 1158 589 1190 sunt
640 1166 783 1190 erucae
833 1153 988 1189 similia.
1043 1153 1175 1203 palma
1227 1153 1377 1190 Romae

194 1218 454 1254 Amiterninis
478 1217 612 1261 datur,
636 1217 728 1254 dein
756 1217 950 1262 Numinis,
974 1220 1096 1254 tertia
1120 1218 1376 1255 nostratibus.

192 1287 327 1319 cetera
346 1281 396 1318 de
415 1287 504 1318 satu
525 1294 661 1318 eorum
680 1284 719 1318 in
738 1284 841 1331 rapis
860 1281 967 1318 dicta
985 1288 1090 1319 sunt.

243 1345 391 1382 XXVI.
422 1345 579 1383 Cortice
620 1352 661 1383 et
701 1346 940 1397 cartilagine
976 1352 1162 1383 constant
1198 1345 1378 1397 raphani,

194 1410 408 1459 multisque
434 1424 570 1447 corum
590 1417 728 1448 cortex
749 1413 914 1447 crassior
933 1413 1056 1448 etiam
1077 1424 1199 1461 quam
1219 1411 1377 1461 quibus-

193 1475 286 1512 dam
300 1475 497 1511 arborum.
529 1475 754 1512 amaritudo
767 1475 934 1524 plurima
949 1474 1022 1512 illis
1035 1481 1095 1512 cst
1107 1482 1150 1512 et
1162 1488 1232 1525 pro
1241 1478 1377 1513 crassi·

193 1539 334 1576 tudine
367 1542 534 1576 corticis,
599 1545 735 1576 cetera
771 1552 929 1589 quoque
964 1539 1178 1589 aliquando
1213 1539 1376 1590 lignosa.

126 1609 168 1640 79
196 1609 237 1640 et
253 1606 309 1640 vis
325 1605 423 1640 mira
439 1603 651 1654 colligendi
668 1606 849 1653 spiritum
867 1603 1107 1654 laxandique
1120 1611 1300 1648 ructum;
1326 1603 1378 1642 ob

576 1717 587 1736 ¹
617 1716 679 1747 VJ.
698 1717 937 1748 condiendum.

574 1760 588 1779 ¹
610 1759 815 1792 Pintianus:
842 1760 1002 1800 quinque.

573 1803 586 1822 ⁸
610 1803 720 1835 Dulce.
738 1816 745 1834 :
769 1808 804 1834 et.
822 1803 924 1843 quod.

242 1952 255 1965 ‘²
282 1947 349 1978 But
369 1946 637 1987 Theophrastus,
658 1946 744 1977 HJ).
766 1945 844 1982 vll.
863 1949 894 1982 4,
914 1947 932 1977 2
951 1956 1058 1977 seems
1077 1950 1113 1978 to
1131 1946 1222 1978 show
1242 1946 1319 1978 that
1336 1946 1380 1978 au

198 1990 255 2021 llic
277 1990 446 2030 following
468 1990 548 2030 napi
566 1999 623 2020 are
642 1989 745 2030 really
765 1988 924 2020 radisbvs.

197 2062 267 2098 470
