1486 2359
137 645 197 677 123

139 1155 199 1186 124

139 1810 199 1841 125

432 172 598 209 PLINY
614 186 622 210 :
666 171 930 210 NATURAL
966 170 1203 209 HISTORY

225 276 391 321 habent,
412 282 455 314 et
476 279 515 313 in
538 289 651 313 usum
675 289 766 313 vero
787 278 973 319 ocimum,
994 274 1208 326 raphanus,
1228 275 1410 319 lactuca3

225 349 326 387 hanc
369 352 492 387 etiam
536 351 758 386 suaviorem
802 354 950 398 putant
992 362 1015 385 a
1058 351 1408 399 regerminatione.

226 422 425 473 raphanus
451 425 591 472 utique
617 422 824 460 iucundior
848 421 1041 459 detractis
1066 420 1167 459 foliis
1193 428 1411 473 antequam

224 495 489 533 decaulescat.
545 494 617 532 hoc
634 501 676 532 et
692 498 732 531 in
749 497 853 544 rapis
867 506 876 538 ;
906 507 1000 531 nam
1016 500 1059 531 et
1075 495 1218 532 eadem
1232 494 1410 545 dereptis

225 568 325 605 foliis
341 573 529 618 cooperta
544 574 652 604 terra
668 573 852 604 crescunt
869 567 1096 618 durantque
1112 570 1152 604 in
1168 573 1381 605 aestatem.

276 640 483 678 XXXVII.
515 639 679 691 Singula
691 653 841 691 genera
853 646 946 677 sunt
959 642 1099 684 ocimo,
1109 639 1287 690 lapatho,
1297 640 1412 686 blito,

227 717 436 757 nasturtio,
470 726 628 757 erucae,
658 713 842 763 atriplici‚
873 713 1094 758 coriandro,
1124 719 1268 758 aneto3
1309 713 1410 752 haee

227 790 332 824 enim
367 787 512 837 ubique
545 786 687 824 eadem
725 792 818 823 sunt
852 799 984 836 neque
1016 785 1124 823 aliud
1158 786 1235 823 alio
1269 786 1409 825 melius

226 873 408 909 usquam.
452 866 582 896 rutam
607 859 796 896 furtivam
824 865 986 896 tantum
1009 862 1216 909 provenire
1240 859 1408 898 fertilius

226 938 371 982 putant
391 935 491 969 sicut
508 945 602 981 apes
618 931 784 969 furtivas
800 945 997 982 pessume.
1042 939 1259 970 nascuntur
1273 939 1410 971 autem

227 1008 350 1042 etiam
362 1019 439 1042 non
450 1011 538 1042 sata
549 1010 831 1049 mentastrum,
840 1011 1003 1054 nepete,
1013 1005 1409 1056 intubum‚puleium.

226 1085 365 1115 contra
392 1078 503 1128 plura
528 1091 678 1128 genera
703 1084 796 1115 sunt
823 1091 960 1115 eorum
981 1091 1085 1128 quae
1110 1079 1281 1117 diximus
1307 1079 1408 1118 dice-

227 1164 394 1201 musque
415 1157 455 1188 et
485 1153 523 1187 in
553 1153 687 1200 primis
712 1154 813 1200 apio.
870 1151 909 1188 id
929 1153 1034 1187 enim
1064 1152 1171 1202 quod
1198 1158 1342 1202 sponte
1372 1155 1413 1190 in

228 1224 370 1260 umidis
399 1226 573 1260 nascitur
602 1222 875 1261 helioselinum
904 1229 1081 1268 vocatur,
1110 1238 1188 1261 uno
1216 1225 1309 1263 folio
1337 1239 1410 1264 nec

227 1295 437 1340 hirsutum,
450 1310 580 1333 rursus
599 1299 639 1332 in
655 1298 764 1333 siccis
783 1295 1089 1346 hipposelinum,
1101 1297 1278 1347 pluribus
1295 1297 1410 1344 foliis,

227 1369 358 1406 simile
384 1368 636 1413 helioselino;
676 1371 842 1407 tertium
869 1376 930 1407 est
955 1369 1233 1415 oreoselinum,
1258 1374 1413 1410 cicutae

228 1441 342 1486 foliis,
367 1442 497 1479 radice
522 1445 650 1486 tenui,
674 1445 828 1479 semine
851 1445 975 1487 aneti,
999 1445 1212 1481 minutiore
1235 1450 1410 1483 tantum.

227 1521 269 1551 et
290 1518 405 1551 sativi
428 1521 564 1551 autem
586 1514 839 1552 differentiae
862 1518 901 1552 in
923 1515 1016 1552 solio
1037 1516 1175 1560 denso,
1195 1519 1322 1567 crispo
1343 1523 1413 1555 aut

226 1590 373 1624 rariore
397 1593 438 1624 et
463 1586 623 1632 leviore,
647 1590 744 1625 item
769 1587 884 1625 caule
907 1591 1089 1626 tenuiore
1113 1595 1182 1626 aut
1206 1593 1412 1636 crassiore,

228 1666 269 1697 et
301 1660 423 1697 caulis
453 1660 618 1697 aliorum
648 1661 840 1698 candidus
875 1667 950 1706 est,
979 1661 1145 1699 aliorum
1177 1676 1412 1713 purpureus,

227 1733 391 1769 aliorum
415 1736 554 1770 varius.

277 1805 509 1843 XXXVIII.
548 1805 750 1844 Lactucae
785 1806 928 1844 Graeci
966 1809 1044 1845 tria
1077 1807 1207 1846 fecere
1240 1822 1411 1860 genera:

228 1892 349 1916 unum
368 1879 438 1916 lati
451 1879 586 1923 caulis,
599 1879 700 1917 adeo
718 1885 763 1916 ut
778 1879 919 1917 ostiola
935 1879 1091 1918 olitoria
1109 1894 1158 1918 ex
1175 1884 1219 1920 iis
1237 1882 1410 1920 factitari

270 2013 285 2027 ⁰
309 2008 398 2040 Wild
424 2008 545 2041 celerv.
602 2009 643 2040 In
667 2008 761 2041 Theo
787 2009 924 2040 hrastufl
949 2009 1050 2047 (H.P.
1077 2010 1153 2047 vn,
1179 2011 1210 2048 6,
1237 2012 1284 2051 8),
1309 2011 1408 2054 Pliny

230 2050 377 2083 misread
395 2061 432 2083 or
448 2043 618 2083 misheard
634 2020 840 2093 uavdqsullzxov
855 2062 893 2084 as
908 2053 1123 2093 μονόφυλλον.

229 2116 299 2153 500
