1486 2359
90 400 152 431 240

91 851 148 881 241

92 1302 154 1333 242

383 141 572 178 PLINY:
624 141 889 179 NATURAL
927 141 1164 178 HISTORY

181 244 430 295 intellegitur
455 250 496 281 et
522 246 651 294 tingui
677 243 797 281 odore
823 246 966 280 mirum
992 246 1031 280 in
1059 244 1235 287 modum,
1259 243 1363 287 ideo,

179 334 270 357 curn
283 323 395 356 iuxta
408 322 473 362 sit,
487 321 613 356 averti
627 325 668 356 et
682 319 870 356 recedere
884 332 1148 369 saporemque
1161 321 1361 356 inimicum

180 395 331 445 fugere.
387 394 476 431 hinc
496 396 664 444 sumpsit
685 393 946 444 Androcydes
967 393 1206 431 medicinam
1225 401 1362 432 contra

181 471 412 507 ebrietates.
425 468 647 518 raphanum
667 469 802 506 mandi
823 471 1084 519 praecipiens.
1105 469 1190 506 odit
1212 475 1253 506 et
1272 482 1363 506 cau-

181 545 258 582 lem
279 551 319 581 et
344 544 428 581 olus
452 557 584 588 omne,
603 544 687 581 odit
712 550 754 581 et
779 543 971 594 corylum,
990 546 1029 580 ni
1057 543 1191 594 procul
1219 543 1364 588 absint,

179 623 303 657 tristis
317 626 440 669 atque
455 633 576 670 aegra
589 631 598 662 ;
626 622 774 656 nitrum
789 619 951 670 quidem
965 625 1008 656 et
1022 619 1197 663 alumen,
1211 622 1364 657 marina

181 709 283 745 aqua
312 694 440 731 calida
470 701 512 732 et
540 693 660 732 fabae
683 697 892 744 putamina
910 693 973 731 vel
998 697 1079 732 ervi
1103 696 1173 731 viti
1189 694 1203 718 ¹
1224 693 1364 732 ultima

181 783 333 808 venena
352 776 456 806 sunt.

231 845 461 882 XXXVIII.
493 845 604 882 Inter
640 848 737 882 vitla
773 845 958 882 arborum
996 851 1058 882 est
1095 851 1137 882 et
1173 845 1364 896 prodigiis

182 920 301 958 locus.
361 923 581 957 invenimus
616 920 708 958 ficos
743 920 816 957 sub
852 919 952 957 foliis
994 926 1125 964 natas,
1161 922 1284 958 vitem
1323 926 1366 959 et

181 995 329 1033 malum
355 998 541 1045 punicam
566 998 690 1045 stirpe
715 995 888 1033 fructum
914 995 1066 1039 tulisse,
1094 1009 1173 1033 non
1197 995 1365 1046 palmite

182 1077 251 1108 aut
265 1073 398 1114 ramis,
413 1073 536 1108 vitem
551 1084 646 1108 uvas
666 1074 750 1108 sine
765 1070 880 1115 foliis,
894 1070 1002 1108 oleas
1017 1083 1175 1122 quoque
1190 1073 1366 1109 amisisse

182 1146 274 1183 folia
297 1147 404 1183 bacis
432 1145 701 1183 haerentibus.
756 1152 848 1184 sunt
873 1145 943 1184 et²
966 1146 1156 1183 miracula
1178 1145 1366 1185 fortuita:

183 1235 275 1258 nam
297 1228 337 1259 et
359 1221 459 1258 oliva
480 1225 519 1258 in
539 1227 671 1259 totum
692 1222 878 1259 ambusta
898 1225 1056 1266 revixit,
1078 1227 1120 1259 et
1140 1224 1181 1259 in
1200 1221 1366 1260 Boeotia

181 1297 345 1334 derosae.
358 1297 516 1334 locustis
531 1297 591 1334 fici
604 1300 934 1348 regerminavere.
989 1303 1196 1335 mutantur
1208 1297 1366 1336 arbores

184 1379 225 1409 et
255 1372 384 1410 colore
416 1372 597 1423 fiuntque
628 1386 678 1410 ex
708 1376 829 1423 nigris
859 1373 1070 1417 candidae,
1100 1386 1179 1411 non
1209 1386 1367 1423 semper

183 1448 375 1498 prodigim
394 1448 463 1485 scd
483 1461 554 1485 eae
573 1450 747 1485 maxime
766 1462 869 1499 quae
888 1462 938 1485 ex
956 1451 1108 1486 semine
1127 1455 1366 1493 naseuntur;

184 1530 224 1561 et
241 1523 408 1573 populu<
425 1523 515 1559 alba
531 1526 570 1559 in
587 1526 741 1574 nigram
757 1526 914 1561 transit..
969 1524 1132 1574 quidam
1149 1530 1191 1562 et
1205 1524 1364 1562 sorbum

182 1601 212 1634 si
227 1601 265 1634 in
277 1597 464 1635 calidiora
477 1598 562 1635 loca
575 1601 727 1635 venerit
742 1599 988 1636 sterilescere
1003 1605 1162 1649 putant.
1186 1599 1366 1650 prodigio

183 1680 318 1710 autem
346 1673 444 1710 fiunt
471 1687 520 1710 ex
545 1673 725 1711 dulcibus
751 1675 895 1711 acerba
921 1688 1038 1724 poma
1065 1681 1134 1711 aut
1159 1674 1290 1712 dulcia
1315 1688 1364 1712 ex

183 1749 348 1792 acerbis,
370 1762 390 1785 e
411 1749 596 1798 caprifico
618 1749 678 1786 fici
699 1756 769 1787 aut
790 1756 943 1794 contra,
963 1753 1073 1801 gravi
1095 1756 1255 1787 ostento
1275 1764 1363 1788 cum

182 1826 221 1860 in
258 1823 457 1861 deteriora
494 1830 716 1869 mutantur,
755 1838 803 1862 ex
841 1825 928 1862 olea
966 1827 1005 1862 in
1043 1825 1277 1869 oleastrum,
1315 1839 1363 1863 ex

585 1950 595 1968 ¹
621 1950 682 1981 viti
698 1950 773 1981 add.
790 1950 969 1982 Rari-ham.

581 1993 593 2011 ²
617 1997 652 2024 et
668 1994 742 2024 add.
758 1994 829 2025 edd.

186 2062 251 2097 166
