1486 2359
159 686 200 717 35

159 1174 199 1205 36

157 1453 196 1482 37

435 159 623 195 PLINY:
668 158 931 195 NATURAL
968 157 1205 195 HISTORY

229 261 421 299 harenosa
471 262 658 299 dentibus
723 264 879 298 inimica
941 268 982 298 et
1044 262 1170 299 altera
1233 265 1408 305 sincera;

228 332 499 382 distinguntur
514 337 555 369 et
570 331 713 375 colore,
732 331 818 369 rufo
835 334 1026 382 nigroque
1043 337 1085 368 et
1103 334 1210 369 intus
1226 332 1407 369 candido.

229 401 511 438 laudatissuma
561 401 730 438 Africae.
799 407 977 438 crescant
1027 414 1130 438 anne
1179 404 1318 439 vitium
1366 401 1407 439 id

229 478 542 521 terrae—neque
557 473 662 508 enim
676 471 773 508 aliut
787 471 965 521 intellegi
979 477 1214 521 potest—ea
1226 473 1405 521 protinus

227 541 413 591 globetur
447 540 722 589 magnitudine
757 553 835 590 qua
870 540 1048 577 futurum
1082 546 1158 585 est,
1196 547 1237 578 et
1272 544 1405 578 vivant

230 611 387 653 necne¹‚
399 624 475 647 non
490 609 602 647 facile
617 611 784 647 arbitror
798 610 975 661 intellegi
990 623 1104 660 posse
1117 622 1126 654 ;
1147 611 1398 660 putrescendi

228 683 333 717 enim
354 683 453 717 ratio
474 683 695 717 communis
717 687 778 717 est
798 694 888 717 cum
923 680 1042 730 ligno.
1099 680 1235 718 Lartio
1258 680 1407 720 Licinio

227 753 425 800 praetorio
453 753 533 787 viro
561 753 645 787 iura
672 750 855 787 reddenti
886 753 923 786 in
953 751 1145 800 Hispania
1166 750 1407 802 Carthagine

228 823 362 870 paucis
387 819 446 857 his
474 823 584 857 annis
611 823 754 857 scimus
781 821 968 858 accidisse
996 821 1192 858 mordenti
1219 822 1337 859 tuber
1362 827 1407 859 ut

227 889 500 940 deprehensus
519 893 625 927 intus
643 890 828 927 denarius
847 893 992 940 primos
1010 890 1152 928 dentes
1172 891 1410 936 inflecteret,

227 973 305 1009 quo
336 959 593 997 manifestum
624 962 699 996 erit
729 965 859 996 terrae
889 966 1072 997 naturam
1102 962 1141 996 in
1170 973 1212 997 se
1241 960 1406 1011 globari.

227 1029 332 1079 quod
353 1035 507 1066 certum
529 1035 604 1072 est,
625 1042 674 1066 ex
696 1027 754 1065 his
776 1035 892 1066 erunt
913 1042 1015 1079 quae
1037 1035 1249 1067 nascantur
1269 1036 1311 1067 et
1331 1032 1406 1068 seri

228 1112 306 1136 non
324 1101 486 1149 possint.

277 1168 372 1205 XII.
402 1167 535 1204 Simile
566 1174 627 1205 cst
665 1175 705 1205 et
743 1168 847 1218 quod
886 1171 923 1205 in
953 1168 1171 1219 Cyrenaica
1208 1171 1405 1219 provincia

227 1244 369 1274 vocant
392 1240 506 1288 misy,
528 1241 784 1287 praecipuum
807 1240 1004 1275 suavitate
1027 1238 1156 1275 odoris
1178 1252 1222 1275 ac
1243 1242 1405 1289 saporis,

226 1307 295 1344 sed
325 1309 538 1350 carnosius,
571 1314 611 1344 et
643 1307 748 1357 quod
781 1310 817 1344 in
848 1307 1013 1344 Threcia
1045 1310 1127 1345 iton
1159 1315 1199 1345 et
1230 1308 1335 1359 quod
1366 1311 1404 1346 in

226 1377 394 1414 Graecia
415 1379 639 1414 ceraunion.

276 1445 393 1483 XIII.
429 1446 491 1483 De
526 1447 732 1483 tuberibus
763 1446 860 1483 haec.
890 1447 1103 1484 traduntur
1131 1447 1404 1497 peculiariter:

225 1529 315 1552 cum
346 1515 493 1552 fuerint
529 1517 674 1552 imbres
703 1516 953 1553 autumnales
981 1530 1025 1553 ac
1054 1520 1228 1554 tonitrua
1255 1518 1406 1562 crebra,

226 1591 320 1622 tunc
348 1588 467 1630 nasci,
492 1592 534 1623 et
563 1585 764 1622 maxime2
786 1587 1010 1629 tonitribus,
1039 1600 1110 1623 nec
1133 1587 1237 1624 ultra
1258 1601 1404 1625 annum

225 1655 381 1698 durare,
420 1660 651 1691 tenerruma
693 1662 828 1691 autem
861 1669 979 1692 verno
1013 1669 1110 1693 esse.
1168 1657 1404 1706 quibusdam

223 1723 316 1760 locis
337 1730 502 1774 accepta
519 1730 676 1761 tantum
700 1727 818 1776 riguis
831 1724 846 1747 ³
863 1725 1058 1766 seruntur,
1075 1729 1174 1763 sicut
1199 1725 1404 1777 Mytilenis

226 1800 374 1844 negant
422 1796 525 1831 nasci
569 1797 638 1831 nisi
688 1795 956 1831 exundatione
1004 1795 1208 1833 fluminum
1249 1798 1406 1833 invecto

277 1891 287 1909 ¹
313 1890 488 1931 Mayhojs:
514 1901 553 1922 ac
571 1901 612 1922 ne
628 1896 685 1922 au!
701 1902 799 1922 anne.

275 1934 287 1952 ²
312 1934 486 1974 Maylmff:
512 1935 731 1966 maximume.

274 1977 286 1995 ⁸
310 1977 516 2008 Pintianus:
542 1982 719 2019 acceptam
748 1978 909 2019 turriguis
931 1983 990 2009 aut
1012 1979 1088 2010 eim.
1115 1983 1270 2020 (accepta
1288 1984 1403 2011 tamen

230 2020 361 2059 irriguis
373 2024 386 2051 Ἰ
405 2021 583 2061 Maylmff).

222 2093 290 2126 4⁴2
