1486 2359
403 166 592 204 PLINY:
635 166 899 205 NATURAL
934 167 1171 205 HISTORY

195 274 232 306 in
258 269 361 306 hunc
386 272 553 319 pascito,
579 274 622 305 ut
646 272 700 306 sic
725 271 932 307 ineuntem
958 272 1080 306 ineat.
1135 283 1184 307 ex
1210 271 1376 309 adverso

193 323 386 373 aquilonis
423 323 474 358 ab
511 335 652 359 occasu
689 322 856 359 brumali
898 322 1054 360 Africus
1092 323 1218 368 flabit,
1255 338 1374 374 quem

194 378 334 413 (ii-aeci
365 376 443 412 liba
473 381 639 418 vocant;
681 378 719 412 in
748 375 852 412 hunc
880 389 903 412 a
930 379 1037 413 coitu
1065 390 1155 414 cum
1184 391 1226 415 se
1255 392 1374 428 pecus

192 432 484 477 circumegerit,
504 428 672 465 feminas
691 435 905 478 conceptas
925 442 1011 467 esse
1030 432 1142 467 scito.

103 488 164 519 337
243 484 378 519 Tertia
403 496 425 518 a
449 485 723 532 septentrione
748 482 855 523 linia.
879 496 1000 532 quam
1024 496 1096 533 per
1117 483 1373 522 latitudinem

195 538 357 572 umbrae
378 536 564 572 duximus
585 542 627 572 et
646 535 911 572 decumanam
932 539 1170 581 vocavimus,
1190 544 1373 575 exortum

192 590 356 626 babebit
413 589 745 638 aequinoctialem
803 595 1048 640 ventumque
1103 591 1375 636 subsolanum,

193 644 354 679 Graecis
377 642 607 691 aphelioten
629 642 794 679 dictum.
849 645 889 679 in
911 642 1015 680 hunc
1036 643 1259 681 salubribus
1282 644 1374 682 locis

194 696 309 733 villae
359 699 579 746 vineaeque
626 701 824 745 spectent.
878 699 964 746 ipse
1009 696 1154 734 leniter
1198 697 1375 747 pluvius;

192 750 315 786 lenior
328 750 341 772 ¹
361 756 499 786 tamen
516 755 577 785 est
591 749 606 772 ²
621 752 757 786 siccior
771 748 966 794 favonius,
979 762 1029 787 ex
1042 750 1208 788 adverso
1224 754 1308 789 eius
1323 752 1374 789 ab

191 803 472 852 aequinoctiali
508 815 664 846 occasu,
700 801 896 853 zephyrus
934 802 1096 841 Graecis
1133 807 1372 843 nominatus.

191 859 229 892 in
253 856 354 892 hunc
376 862 558 905 spectare
580 856 727 892 oliveta
748 857 851 892 Cato
871 859 1006 900 iussit3
1041 856 1103 894 hic
1125 871 1193 895 ver
1212 857 1373 896 inchoat

191 912 401 959 aperitque
443 915 570 946 terras
611 911 722 946 tenui
766 909 911 960 frigore
953 910 1127 955 saluber,
1168 910 1229 948 hic
1272 914 1372 950 vites

192 964 360 1012 putandi
396 962 610 1012 frugesque
644 963 822 1006 curandi,
856 963 1016 1000 arbores
1050 964 1221 1009 serendi,
1254 978 1373 1015 poma

190 1016 402 1058 inserendi,
453 1016 561 1052 oleas
612 1017 813 1053 tractandi
865 1019 923 1053 ius
975 1017 1089 1054 dabit
1139 1018 1372 1070 adflatuque

101 1074 164 1105 338
191 1072 401 1106 nutricium
441 1070 657 1106 exercebit.
712 1076 857 1119 quarta
893 1084 917 1106 a
953 1074 1228 1120 septentrione
1265 1072 1372 1117 linia,

189 1124 332 1160 eadem
357 1129 492 1159 austro
516 1123 566 1159 ab
591 1125 770 1159 exortiva
793 1129 908 1172 parte
933 1127 1127 1174 proxima,
1151 1125 1370 1164 brumalem

189 1176 355 1213 habebit
407 1183 589 1213 exortum
643 1182 887 1227 ventumque
939 1177 1180 1222 volturnum,
1231 1192 1370 1217 eurum

189 1230 350 1266 Graecis·
379 1230 545 1272 dictum,
572 1232 774 1267 sicciorem
803 1237 845 1267 et
873 1233 1001 1280 ipsum
1028 1232 1371 1283 tepidioremque;

187 1286 225 1319 in
271 1283 374 1319 hunc
419 1286 568 1332 apiaria
612 1290 654 1320 et
699 1286 838 1320 w'neae
884 1284 1026 1322 Italiae
1070 1285 1370 1337 Galliarumque

187 1343 370 1386 spectare.
388 1336 552 1373 debent.
608 1350 657 1373 ex
675 1337 841 1374 adverso
859 1337 1028 1375 volturni
1046 1338 1158 1375 flabit
1174 1353 1302 1384 corus,
1319 1341 1369 1378 ab

187 1404 326 1427 occasu
360 1390 556 1426 solstitiali
590 1396 630 1426 et
664 1404 850 1427 occasuro
881 1390 1040 1428 latere³
1072 1395 1370 1442 septentrionis,

188 1444 350 1480 Graecis·
371 1443 500 1480 dictus
521 1449 714 1493 argestes,
736 1457 784 1481 ex
806 1444 1066 1495 frigidissimis
1087 1452 1128 1483 et
1149 1448 1248 1496 ipse,
1267 1449 1368 1485 sicut

95 1500 158 1533 332⁸
185 1510 322 1533 omnes
361 1500 426 1546 qui
466 1511 487 1532 a
525 1500 808 1546 septentrionis
847 1504 962 1548 parte
1000 1501 1174 1548 spirant;
1226 1499 1288 1538 hic
1325 1507 1367 1538 et

184 1550 398 1600 grandines
438 1550 571 1592 infert,
608 1551 808 1588 cavendus
847 1558 888 1589 et
927 1554 1010 1602 ipse
1050 1566 1127 1590 non
1165 1566 1278 1591 secus
1319 1567 1365 1592 ac

235 1677 246 1695 ¹
272 1676 376 1707 lenior
392 1676 466 1707 add.
480 1680 493 1707 ‘.‘
515 1677 675 1717 ,llayhoffi

235 1719 247 1738 ²
272 1722 332 1750 et?
365 1719 597 1759 ll'arminqton.

235 1762 247 1780 ³
267 1772 427 1793 occasuro
441 1763 544 1794 latere
557 1763 713 1803 ,llayhoff
722 1762 792 1795 coll.
807 1772 833 1795 11
846 1764 904 1795 92:
935 1765 1139 1797 occidentali
1150 1765 1170 1797 l.
1185 1765 1254 1798 edd.
1274 1770 1356 1798 velta

190 1815 310 1837 occasu
328 1805 425 1836 lateri
442 1810 498 1836 1111!
516 1816 546 1836 0.
563 1805 689 1837 lateris.

184 1970 338 2051 §3:¹31We
365 1970 484 2001 should
511 1981 573 2012 say
600 1970 658 2003 the
683 1971 810 2008 second,
839 1971 890 2004 i.e.
918 1973 1065 2015 running
1089 1972 1156 2005 due
1180 1978 1276 2011 easta
1305 1984 1356 2016 cp.

177 2093 249 2127 400
