1486 2359
94 529 154 560 167

394 129 582 166 PLINY:
626 127 889 165 NATURAL
927 126 1161 164 HISTORY

236 233 295 270 Ex
315 233 328 256 ²
375 232 553 283 frugibus
599 236 802 268 ostentum
850 230 988 274 semel,
1029 230 1134 280 quod
1180 229 1365 280 equidem

182 308 414 346 invenerim,
446 303 588 341 accidit
623 303 664 340 P.
700 303 815 340 Aelio
847 302 918 340 Cn.
952 301 1135 339 Cornelio
1165 315 1259 346 cos„
1290 315 1368 353 quo

181 392 284 415 anno
303 382 514 427 superatus
534 382 593 413 est
616 375 840 412 Hannibal:
874 378 913 412 in
933 375 1137 412 arboribus
1157 377 1263 412 enim
1280 380 1367 412 tum

181 457 276 487 nata
289 450 511 500 produntur
524 448 738 485 frumenta.

232 521 398 559 XLVII.
429 521 481 558 Et
495 524 682 571 quoniam
696 520 745 557 de
759 520 919 571 frugum
932 525 1146 570 terraeque
1157 519 1369 571 generibus

182 595 341 632 abunde
357 594 543 636 diximus,
559 607 662 630 nunc
678 593 727 630 de
743 593 882 630 arandi
898 595 1053 630 ratione
1069 592 1261 637 dicemus,
1275 598 1369 630 ante

183 671 316 705 omnia
351 668 529 718 Aegypti
559 665 753 703 facilitate
787 671 1114 702 commemorata.
1170 663 1281 702 Nilus
1317 665 1370 702 ibi

182 740 310 778 coloni
355 742 438 776 vice
482 739 652 789 fungens
698 740 858 788 evagari
903 740 1054 788 incipit,
1098 743 1143 774 ut
1186 736 1371 780 diximus,

182 813 351 850 solstitio
373 826 395 848 a
418 825 518 848 nova
540 811 648 854 luna,
670 813 798 861 primo
820 810 944 853 lente,
965 810 1059 848 dein
1080 808 1371 850 vehementius.

184 884 374 936 quamdiu
396 887 434 921 in
455 884 569 921 leone
590 883 647 920 sol
668 889 742 920 est.
800 897 891 919 mox
913 885 1100 933 pigrescit
1120 885 1160 919 in
1180 884 1370 932 virginem

93 964 152 995 168
179 964 425 1008 transgresso
449 962 573 1006 atque
598 958 637 992 in
661 954 761 992 libra
787 955 938 992 residit.
994 957 1023 992 si
1050 967 1105 991 xu
1129 955 1267 992 cubita
1292 968 1370 992 non

102 1400 162 1431 169

186 1033 370 1073 excessit,
384 1029 510 1066 fames
525 1035 637 1066 certa
652 1034 728 1072 est,
742 1041 815 1065 nec
831 1030 959 1064 minus
973 1030 1004 1064 si
1018 1039 1083 1064 XVI
1097 1029 1350 1077 exsuperavit
1364 1040 1373 1069 ς

187 1109 303 1140 tanto
320 1105 424 1139 enirn
442 1101 592 1138 tardius
608 1101 769 1138 decedit
785 1107 937 1151 quanto
952 1100 1220 1137 abundantius
1236 1102 1373 1143 crevit,

187 1182 229 1213 et
248 1181 473 1212 sementem
492 1180 615 1211 arcet.
673 1173 789 1224 vulgo
807 1173 1048 1210 credebatur
1065 1186 1088 1209 a
1106 1172 1271 1210 decessu
1291 1174 1373 1210 eius

188 1261 318 1285 serere
357 1247 491 1284 solitos
529 1260 621 1283 mox
660 1260 749 1283 sues
788 1245 977 1296 inpellere
1009 1248 1185 1296 vestigiis
1220 1247 1373 1282 semina

187 1321 458 1371 deprimentes
499 1322 538 1356 in
578 1319 740 1356 madido
779 1319 875 1362 solo,
915 1325 957 1356 et
995 1318 1114 1356 credo
1153 1319 1372 1369 antiquitus

189 1393 436 1436 factitatum,
462 1406 564 1430 nunc
590 1405 749 1443 quoque
775 1405 852 1429 non
877 1391 1004 1429 multo
1028 1394 1207 1442 graviore
1232 1403 1374 1441 opera3

189 1467 260 1503 sed
280 1473 418 1503 tamen
439 1468 582 1502 inarari
602 1471 756 1502 certum
778 1471 839 1502 est
860 1465 1017 1502 abiecta
1037 1467 1143 1514 prius
1163 1466 1316 1501 semina
1335 1466 1373 1501 in

190 1539 283 1576 limo
332 1539 507 1589 degressi
559 1540 697 1575 amnis.
753 1537 826 1575 hoc
878 1537 920 1574 fit
973 1537 1186 1574 Novembri
1238 1550 1373 1574 mense

190 1615 419 1661 incipiente,
439 1617 581 1661 postea
601 1613 715 1661 pauci
737 1611 1212 1647 runcant—botanismon
1233 1615 1372 1647 vocant

190 1707 253 1729 —‚
266 1685 416 1735 reliqua
430 1697 519 1734 pars
533 1697 611 1721 non
628 1686 699 1720 nisi
716 1697 805 1720 cum
822 1683 923 1720 falce
941 1696 1033 1720 arva
1049 1686 1134 1719 visit
1149 1682 1267 1732 paulo
1280 1688 1374 1720 ante

638 1785 647 1804 ¹
672 1785 836 1826 Dedessen
851 1797 858 1817 ι
883 1788 928 1816 et.

468 1947 481 1960 ¹
506 1943 552 1974 At
567 1943 626 1974 the
643 1943 752 1974 battle
767 1942 807 1973 of
819 1943 935 1979 Zama,
953 1942 1016 1975 202
1035 1951 1100 1974 Β.ο.

471 1984 483 2004 ⁵
507 1987 613 2017 Varro
630 1987 713 2018 RB.
731 1985 758 2016 I.
776 1986 807 2023 9,
825 1986 855 2017 4.

193 2059 262 2093 294
