1486 2359
110 286 170 318 188

111 660 171 691 189

405 178 571 215 PLINY
586 192 594 216 :
637 177 900 216 NATURAL
936 177 1173 216 HISTORY

198 281 416 331 appellant.
471 284 691 332 zmyrnium
714 282 797 319 olus
824 284 968 319 seritur
996 282 1136 319 iisdem
1159 281 1252 319 locis
1274 295 1381 319 mur-

198 348 363 384 ramque
392 335 526 372 radice
554 338 703 385 resipit.
759 335 901 373 eadem
931 341 973 372 et
1006 335 1231 386 siliquastro
1263 338 1378 373 satio.

197 388 349 438 reliqua
383 402 405 425 a
438 391 581 425 ceteris
617 395 659 426 et
692 389 812 425 odore
847 395 889 426 et
921 401 1062 438 sapore
1095 388 1298 433 differunt,
1332 395 1378 426 ut

198 448 385 485 anetum;
429 448 625 492 tantaque
657 449 718 479 est
748 443 956 479 diversitas
986 448 1109 492 atque
1140 445 1195 479 vis
1227 448 1271 480 ut
1301 456 1380 480 non

197 495 324 532 solum
345 495 452 532 aliud
473 495 549 532 alio
571 501 750 532 mutetur
770 496 842 533 sed
863 498 987 532 etiam
1009 498 1048 532 in
1069 501 1202 533 totum
1223 495 1379 533 aufera-

197 555 283 585 tur:
313 552 402 598 apio
431 552 612 586 eximunt
631 551 747 599 coqui
767 549 817 586 de
842 549 1012 586 obsoniis
1041 555 1215 594 acetum,
1235 549 1378 587 eodem

197 602 345 639 cellarii
362 605 401 638 in
420 605 541 639 saccis
559 603 721 640 odorem
740 605 830 639 vino
847 615 1022 653 gravem.

250 656 302 692 Et
334 655 526 693 hactenus
559 655 760 693 hortensia
792 656 900 693 dicta
931 658 1010 693 sint
1041 655 1218 693 ciborum
1248 658 1381 707 gratia

199 709 424 746 dumtaxat.
479 712 696 746 maximum
712 710 873 759 quidem
887 723 984 759 opus
999 712 1038 746 in
1051 709 1192 747 iisdem
1210 715 1381 747 naturae

199 768 339 805 restat,
359 765 546 812 quoniam
566 769 780 812 proventus
800 769 961 800 tantum
980 762 1108 800 adhuc
1124 776 1380 814 summasque

199 816 392 866 quasdam
423 819 696 860 tractavimus,
727 830 819 853 vera
849 823 986 853 autem
1015 819 1206 867 cuiusque
1235 822 1381 854 natura

199 883 277 906 non
301 873 373 906 nisi
397 870 551 907 medico
575 869 720 907 effectu
743 873 922 919 pernosci
945 875 1095 920 potest,
1118 883 1216 920 opus
1240 873 1379 921 ingens

198 923 478 973 occultumque
498 924 717 961 divinitatis
739 930 781 961 et
803 937 881 974 quo
901 923 1052 961 nullum
1072 926 1235 974 reperiri
1255 926 1378 974 possit

199 979 337 1013 maius.
393 990 442 1014 ne
463 977 625 1027 singulis
645 977 685 1014 id
706 977 822 1014 rebus
839 983 1142 1014 contexeremus
1163 980 1268 1014 iusta
1284 976 1380 1015 fecit

198 1033 314 1073 ratio,
344 1044 434 1067 cum
465 1031 517 1067 ad
546 1030 641 1067 alios
671 1031 858 1068 medendi
888 1031 1087 1068 desideria
1116 1033 1380 1080 pertinerent,

199 1083 324 1133 longis
348 1087 553 1134 utriusque
576 1084 831 1121 dilationibus
854 1084 997 1121 futuris
1020 1087 1051 1121 si
1074 1086 1376 1122 miscuissemus.

200 1150 302 1173 nunc
319 1140 396 1173 suis
414 1151 597 1187 quaeque
613 1138 793 1188 partibus
809 1138 1050 1176 constabunt
1065 1143 1338 1189 poteruntque
1355 1151 1377 1175 a

198 1190 420 1228 volentibus
444 1193 566 1242 iungi.

201 2118 272 2157 540
