1486 2359
113 304 177 336 360

113 677 174 709 361

115 998 179 1030 362

116 1428 179 1458 363

413 193 578 231 PLINY
593 208 602 231 ι
645 193 679 231 N
683 193 908 232 ATURAL
944 193 1182 232 HISTORY

256 297 477 334 LXXXVI.
507 297 560 334 Et
587 297 749 347 quidam
783 303 823 334 et
847 300 1045 334 montium
1069 300 1220 335 sonitus
1252 310 1385 335 nemo-

202 365 370 400 rumque
386 354 561 398 mugitus
574 351 812 400 praedicunt
833 357 875 387 et
895 353 979 388 sine
1000 364 1096 387 aura
1117 364 1220 400 quae
1239 354 1388 388 sentia-

201 411 267 441 tur
293 404 384 440 solia
408 404 602 447 ludentia,
625 404 773 455 lanugo
795 404 931 454 populi
955 410 1025 441 aut
1051 407 1190 454 spinae
1221 404 1387 441 volitans

203 461 395 508 aquisque
427 457 586 507 plumae
627 461 872 499 innatantes,
905 463 1027 508 atque
1059 460 1182 494 etiam
1213 460 1252 494 in
1282 471 1387 495 cam·

203 514 315 561 panis
325 512 338 534 ¹
355 517 563 548 venturam
577 517 865 561 tempestatem
880 511 1122 560 praecedens
1135 524 1228 548 suus
1241 510 1386 562 fragor.

202 565 301 601 caeli
337 565 498 615 quidem
533 579 712 602 murmur
746 578 823 602 non
858 565 1022 602 dubiam
1056 564 1386 614 significationem

204 618 339 655 habet.

258 671 499 709 LXXXVII.
530 671 793 722 Praesagiunt
845 678 884 708 et
937 671 1145 708 animalia:
1209 670 1386 721 delphini

203 725 418 775 tranquillo
443 727 541 762 mari
567 725 817 762 lascivientes
844 724 985 761 flatum
1013 738 1062 761 ex
1089 737 1167 775 qua
1194 727 1357 762 veniant
1373 724 1388 748 ²

204 785 334 829 parte,
363 781 462 816 item
492 784 728 829 spargentes
759 791 904 828 aquam
934 779 1055 815 iidem
1084 778 1250 815 turbato
1279 784 1387 815 tran·

205 832 458 882 quillitatem.
513 832 645 883 lolligo
659 832 840 875 volitans,
853 831 1027 869 conchae
1041 831 1388 869 adhaerescentes.

205 885 333 923 echini
353 886 577 936 adfigentes
595 899 682 923 sese
701 891 772 922 aut
790 884 939 923 harena
957 886 1214 923 saburrantes
1232 891 1387 935 tempe-

204 943 319 976 statis
337 942 449 990 signa
468 945 584 982 sunt;
615 952 736 976 ranae
755 952 914 989 quoque
933 939 1037 976 ultra
1054 938 1215 976 solitum
1233 938 1387 976 vocales

207 1000 246 1030 et
273 993 416 1030 fulicae
442 995 642 1030 matutino
665 993 866 1043 clangore,
891 995 989 1030 item
1014 995 1140 1043 mergi
1166 998 1388 1042 anatesque

205 1050 344 1096 pinnas
358 1053 484 1083 rostro
498 1052 716 1097 purgantes
730 1052 910 1089 ventum,
921 1052 1163 1096 ceteraeque
1177 1048 1388 1096 aquaticae

205 1114 296 1137 aves
314 1107 610 1143 concursantes,
628 1113 746 1149 grues
765 1102 804 1136 in
822 1100 1119 1137 mediterranea
1135 1098 1388 1143 festinantes,

205 1157 345 1204 mergi,
379 1157 521 1203 gaviae
557 1156 682 1190 maria
717 1159 787 1190 aut
822 1159 967 1203 stagna
1001 1152 1215 1203 fugientes.
1270 1165 1389 1203 grues

204 1208 362 1244 silentio
409 1221 480 1256 per
518 1207 686 1244 sublime
727 1207 906 1244 volantes
946 1209 1221 1250 serenitatem,
1255 1209 1309 1243 sic
1347 1211 1389 1243 et

205 1267 351 1298 noctua
387 1263 426 1297 in
462 1261 588 1297 imbre
623 1260 797 1311 garrula,
831 1266 873 1297 at
908 1273 1050 1297 sereno
1084 1265 1389 1309 tempestatem,

205 1318 390 1364 corvique
438 1314 616 1364 singultu
664 1313 837 1364 quodam
885 1313 1080 1351 latrantes
1127 1325 1251 1364 seque
1298 1326 1389 1350 con-

206 1371 420 1411 cutientes,
453 1371 483 1404 si
517 1368 825 1411 continuabunt,
858 1370 889 1404 si
922 1380 1016 1404 vero
1047 1370 1217 1417 carptim
1251 1380 1389 1404 vocem

206 1422 484 1465 resorbebunt‚
534 1427 744 1458 ventosum
795 1421 974 1458 imbrem.
1030 1421 1179 1471 graculi
1229 1433 1318 1457 sero
1366 1433 1389 1457 a

208 1476 354 1525 pabulo
399 1475 635 1512 recedentes
681 1474 869 1519 hiemem,
914 1480 956 1512 et
1001 1474 1116 1511 albae
1161 1487 1254 1511 aves
1298 1487 1388 1511 cum

206 1530 559 1579 congregabuntur
593 1535 635 1566 et
669 1542 758 1565 cum
794 1534 1005 1565 terrestres
1041 1528 1216 1565 volucres
1251 1533 1390 1565 contra

207 1597 351 1632 aquam
381 1583 587 1633 clangores
616 1582 772 1619 dabunt
801 1582 1159 1632 perfundentque³
1188 1594 1290 1625 sese,
1318 1581 1389 1618 sed

207 1640 381 1673 maxime
407 1639 565 1680 cornix;
606 1635 774 1673 hirundo
799 1642 883 1672 tam
910 1639 1023 1673 iuxta
1049 1649 1194 1686 aquam
1222 1635 1390 1672 volitans

208 1697 251 1727 ut
290 1693 411 1740 pinna
448 1703 570 1740 saepe
608 1692 831 1740 percutiat;
884 1702 1069 1739 quaeque
1107 1692 1146 1726 in
1185 1688 1389 1726 arboribus

295 1766 305 1784 ¹
331 1766 458 1806 campis
475 1765 563 1796 ald:
594 1766 780 1806 compactis
798 1768 854 1805 (sc.
873 1764 1010 1806 lignis)?
1031 1764 1192 1805 Jlayhoff.

295 1810 307 1828 ²
336 1808 409 1840 VJl.
428 1809 582 1845 veniunt,
602 1810 750 1839 venient.

294 1852 306 1871 ³
332 1852 506 1892 Maylmsf:
533 1851 853 1893 perfundente-sque.

250 1949 264 1963 ⁰
288 1944 358 1975 The
380 1944 518 1984 reading
539 1945 566 1974 is
587 1943 799 1984 questioned.
821 1943 879 1974 the
899 1943 991 1974 word
1012 1943 1092 1984 only
1113 1942 1267 1974 occurrin
1308 1941 1389 1974 else-

207 1988 315 2018 where
339 1989 371 2018 in
395 1998 477 2028 very
500 1987 568 2018 late
591 1987 704 2023 Latin,
728 1986 796 2018 and
819 1987 956 2028 passing
979 1987 1052 2018 into
1075 1985 1212 2017 Italian.
1312 1994 1389 2017 con-

206 2031 334 2071 jecture
352 2031 558 2062 substitutes
577 2031 584 2042 ‘
600 2030 726 2062 timber
744 2029 899 2061 srames'.

254 2074 265 2092 θ
290 2073 438 2114 l'‹·rhaps
454 2077 576 2114 egretvs.

207 2147 276 2178 414
