1486 2359
154 350 192 381 16

155 779 190 809 17

156 1262 194 1293 18

425 134 591 170 PLINY
606 148 614 171 :
658 134 804 171 NATU
812 134 920 170 RAL
958 134 1193 172 HISTORY

219 236 326 273 facto
347 249 371 273 x
393 237 548 280 diebus,
570 235 791 286 Aethiopes
815 236 984 287 Indique
1007 250 1029 274 e
1051 237 1177 282 malis,
1201 238 1354 275 Arabes
1378 251 1399 276 e.

218 291 450 328 curcurbitis
470 293 510 326 in
530 290 748 335 arboribus,
768 296 813 327 ut
832 290 1017 335 diximus,
1036 294 1194 341 genitiS.

271 344 345 380 ΙΙΙ.
377 344 497 394 Apud
527 357 596 380 nos
624 347 833 381 maturitas
863 347 946 381 eius
970 344 1124 381 duobus
1153 348 1399 395 argumentis

219 397 478 448 intellegitur,
506 400 800 434 intumescente
828 401 979 434 semine
1008 404 1078 434 aut
1105 398 1233 435 colore
1262 398 1399 435 flaves-

218 457 348 488 cente.
404 458 489 487 tum
515 451 689 488 evolsum
713 457 754 488 et
778 454 817 488 in
841 450 1046 488 fasciculos
1069 452 1274 489 manuales
1296 452 1401 489 colli-

218 511 358 554 gatum
393 508 564 541 siccatur
598 508 637 541 in
671 505 752 541 sole
787 505 966 554 pendens
1000 508 1195 542 conversis
1229 519 1399 555 superne

219 558 414 595 radicibus
439 572 517 595 uno
540 559 619 596 die.
642 572 735 595 mox
759 562 936 609 quinque
959 558 1043 595 aliis
1066 562 1272 596 contrariis
1295 562 1334 596 in
1358 573 1399 596 se

218 612 381 649 fascium
417 613 701 656 cacuminibus,
735 618 780 649 ut
814 626 951 649 semen
985 615 1024 649 in
1058 612 1235 650 medium
1267 613 1399 651 cadat.

219 669 323 702 inter
350 666 613 703 medicamina
642 665 731 703 huie
761 669 815 703 vis.
845 672 885 703 et
914 669 953 703 in
982 667 1155 716 quodam
1183 669 1329 704 rustico
1356 680 1400 703 ac

218 720 418 769 praedulci
451 720 591 756 Italiae
621 720 915 769 transpadanae
935 720 1037 762 cibo,
1057 720 1127 757 sed
1146 723 1225 757 iam
1246 720 1399 770 pridem

219 787 417 810 sacrorum
462 780 636 812 tantum.
679 777 823 824 gratia.
877 773 1022 810 deinde
1066 774 1186 824 post1
1229 787 1399 813 messem

219 830 405 864 triticiam
439 830 572 877 virgae
603 831 713 876 ipsae
744 834 980 877 merguntur
1010 830 1048 864 in
1080 840 1225 878 aquam
1255 827 1400 865 solibus

218 881 481 931 tepefactam,
517 881 694 931 pondere
731 881 863 931 aliquo
899 881 1127 930 depressae,
1163 881 1256 918 nulli
1295 885 1399 920 enim

218 935 358 972 levitas
407 938 542 972 maior.
597 941 819 972 maceratas
868 935 1011 972 indicio
1060 941 1121 972 est
1168 935 1399 972 membrana

219 989 402 1033 laxatior,
427 992 654 1039 iterumque
679 992 859 1026 inversae
886 995 928 1025 ut
953 992 1060 1038 prius
1085 989 1166 1025 sole
1191 992 1400 1031 siccantur,

219 1056 311 1078 mox
339 1042 542 1079 arefactae
572 1046 610 1079 in
637 1056 733 1079 saxo
762 1042 986 1079 tunduntur
1013 1045 1217 1092 stuppario
1244 1042 1399 1079 malleo.

219 1097 325 1146 quod
374 1099 597 1145 proximum
646 1099 780 1133 cortici
830 1096 919 1139 fuit,
967 1102 1113 1146 stuppa
1163 1096 1401 1146 appellatur.

218 1151 425 1187 deterioris
450 1150 530 1190 lini.
554 1150 803 1187 lucernarum
828 1149 910 1187 fere
934 1149 1147 1186 luminibus
1171 1153 1322 1200 aptior;
1359 1156 1398 1186 et

220 1207 303 1253 ipsa
340 1210 477 1240 tamen
516 1207 690 1253 pectitur
727 1204 863 1240 ferreis
900 1203 1077 1240 aculeis²
1113 1204 1239 1240 donec
1275 1207 1401 1241 omnis

222 1258 454 1294 membrana
487 1258 765 1294 decorticetur.
821 1257 1018 1294 medullae
1052 1260 1295 1294 numerosior
1325 1257 1401 1295 dis-

219 1315 360 1348 tinctio
394 1311 580 1353 eandore,
616 1311 804 1354 mollitia;
853 1314 1018 1348 cortices
1054 1324 1212 1361 quoque
1248 1311 1400 1348 decussi

219 1365 381 1402 clibanis
414 1371 455 1402 et
488 1365 609 1401 furnis
642 1365 838 1414 praebent
872 1364 1016 1401 usuin.³
1069 1378 1130 1401 ars
1161 1364 1399 1414 depectendi

219 1419 708 1469 digerendique—-iustum
736 1432 757 1455 a
785 1421 1075 1469 quinquagenis
1102 1418 1268 1455 fascium
1295 1419 1401 1455 libris

222 1503 229 1509 .
261 1503 267 1510 .
300 1473 337 1509 .⁴
366 1476 506 1523 quinas
541 1473 664 1510 denas
699 1472 1194 1522 cai-minari⁵—linumque
1230 1485 1325 1510 nere
1360 1478 1401 1510 et

272 1584 284 1603 ¹
309 1584 391 1615 Edd.
409 1595 416 1614 ε
441 1587 520 1624 post
536 1583 668 1614 deinde.

271 1628 284 1645 ²
308 1627 482 1667 Mayhoss:
509 1627 616 1658 crenis
633 1627 835 1658 Pintianns:
863 1627 1008 1657 taeniis?
1034 1626 1117 1658 Ian:
1143 1627 1247 1658 aenis.

270 1670 282 1689 ³
307 1671 516 1710 corticesque
533 1675 606 1710 (pro
622 1671 764 1700 cortices
782 1676 931 1711 quoque)
948 1670 1078 1701 decussi
1103 1694 1110 1701 .
1131 1694 1138 1701 .
1158 1694 1164 1701 .
1187 1679 1286 1701 usum
1299 1679 1402 1711 supra

228 1718 297 1753 pes!
313 1713 540 1744 decorticetur
558 1713 720 1753 JIayhoss.

268 1757 280 1775 ⁴
305 1757 473 1787 Lacunam
491 1756 669 1788 [faci-ham.

272 1799 284 1817 ⁶
309 1801 450 1831 cortices
475 1824 482 1831 .
510 1824 516 1831 .
544 1825 550 1831 .
577 1799 756 1831 carminari
778 1799 828 1830 laic
851 1799 938 1830 Ian:
975 1798 1063 1839 infra
1081 1803 1159 1840 post
1175 1798 1333 1830 decorum
1350 1803 1403 1831 est

225 1843 313 1874 codd.

266 2020 279 2034 ⁴¹
302 2015 372 2046 The
391 2020 466 2047 text,
483 2026 590 2046 seems
608 2015 786 2051 defective,
805 2026 824 2046 a
844 2015 950 2056 plural
970 2025 1060 2046 noun
1080 2014 1205 2055 having
1224 2014 1306 2045 been
1325 2013 1400 2046 lost.

220 2089 290 2124 430
