1486 2359
117 956 158 987 25

161 957 179 987 3

160 1377 180 1405 4

414 151 579 188 PLINY
594 165 602 188 :
654 150 917 188 NATURAL
954 150 1191 188 HISTORY

209 254 392 290 arborum
407 256 683 303 conprimente
697 260 911 291 exacutam
922 254 935 277 ¹
952 253 1063 291 falcis
1079 256 1206 291 aciem
1219 259 1390 304 utraque

210 337 330 360 manu
364 326 624 373 inprimentes
658 326 863 374 perpetuis
896 326 1074 360 incisuris
1107 323 1312 360 deducunt
1344 336 1390 360 ac

209 393 331 430 veluti
360 399 495 430 cutem
525 393 676 430 laxant.
730 392 906 430 salutare
936 392 975 430 id
1004 393 1124 430 fuisse
1153 399 1391 443 argumento

209 469 300 499 sunt
313 462 508 499 dilatatae
519 465 724 499 cicatrices
737 469 778 500 et
791 465 996 499 internato
1006 475 1170 512 corpore
1182 462 1368 513 expletae
1382 474 1391 506 ;

207 531 361 569 XLIII.
388 546 615 582 magnaque
631 546 680 569 ex
694 538 811 582 parte
825 532 960 569 similis
976 531 1181 569 hominum
1194 532 1392 569 medicina

209 608 251 639 et
279 602 463 639 arborum
493 608 569 646 est,
593 602 753 652 quando
780 615 918 639 earum
948 615 1108 652 quoque
1135 601 1393 639 terebrantur

208 686 307 709 ossa.
358 672 597 722 amygdalae
611 685 659 708 ex
674 675 817 709 amaris
831 672 967 709 dulces
982 672 1081 709 fiunt
1095 674 1126 708 si
1139 671 1391 709 circumfosso

207 745 344 791 stipite
366 748 406 779 et
427 742 477 778 ab
507 745 584 778 ima
609 748 723 791 parte
744 742 1026 778 circumforato
1046 741 1225 778 defluens
1245 744 1391 791 pituita

208 812 500 861 abstergeatur.
546 818 585 848 et
607 812 718 848 ulmis
735 810 962 848 detrahitur
978 825 1093 848 sucus
1111 811 1258 848 inutilis
1273 824 1391 861 supra

207 887 357 918 terram
372 881 509 918 foratis
525 895 651 931 usque
667 881 717 918 ad
734 881 965 925 medullam,
981 884 1019 918 in
1035 887 1200 918 senecta
1216 887 1285 918 aut
1300 894 1389 918 cum

207 951 397 988 alimento
409 954 529 988 nimio
542 951 745 988 abundare
758 954 997 988 sentiuntur.
1053 951 1160 988 idern
1173 957 1215 988 et
1228 951 1389 988 ficorum

207 1021 367 1071 turgido
386 1024 531 1058 cortice
551 1023 727 1057 incisuris
747 1023 787 1057 in
806 1020 978 1058 oblicum
998 1020 1149 1057 levibus
1169 1023 1378 1059 emittitur}

207 1094 263 1128 ita
279 1091 322 1127 fit
339 1104 388 1127 nc
404 1090 591 1128 decidant
608 1090 771 1127 fructus.
827 1090 1029 1140 pomiferis
1046 1103 1148 1141 quae
1163 1093 1389 1141 germinant

208 1174 280 1198 nec
294 1160 426 1197 ferunt
442 1160 615 1197 fructum
631 1160 719 1197 fissa
735 1160 866 1197 radice
882 1160 1031 1197 inditur
1045 1160 1144 1210 lapis
1158 1159 1390 1211 fertilesque

208 1231 322 1274 fiunt,
344 1230 416 1267 hoc
439 1230 545 1267 idern
567 1233 607 1266 in
629 1230 851 1280 amygdalis
875 1243 896 1267 e
920 1230 1060 1267 robore
1081 1243 1209 1267 cuneo
1231 1230 1391 1274 adacto,

208 1303 247 1337 in
265 1303 356 1350 piris
374 1300 578 1350 sorbis-que
597 1313 618 1337 e
636 1299 773 1344 taeda,
790 1314 836 1337 ac
853 1302 985 1337 cinere
1004 1306 1046 1337 et
1064 1305 1171 1337 terra
1188 1306 1390 1350 cooperto.

207 1373 329 1407 etiam
353 1370 505 1407 radices
528 1370 818 1407 circumcidisse
841 1370 1004 1419 prodest
1028 1372 1169 1407 vitium
1192 1369 1392 1407 luxurian-

207 1443 308 1477 tium
344 1440 586 1489 ficorumque
622 1446 663 1476 et
697 1442 934 1477 circumcisis
968 1442 1143 1476 cinerem
1177 1439 1390 1477 addidisse.

210 1511 268 1546 fici
289 1513 488 1546 serotinae
510 1510 607 1546 fiunt
628 1512 658 1546 si
679 1512 830 1559 primae
849 1512 972 1560 grossi
992 1523 1082 1546 cum
1102 1509 1220 1547 fabae
1239 1512 1391 1560 magni-

208 1580 389 1616 tudinem
414 1592 621 1616 excessere
643 1578 931 1623 detrahantur;
968 1579 1263 1617 subnascuntur
1285 1582 1390 1616 enim

208 1663 310 1699 quae
345 1652 468 1686 serius
507 1655 794 1686 maturescunt.
849 1649 1016 1686 eaedem
1051 1662 1141 1686 cum
1157 1648 1173 1672 ²
1207 1648 1392 1686 frondere

208 1722 399 1769 incipiunt
441 1722 472 1756 si
511 1721 716 1756 cacumina
757 1721 855 1756 rami
895 1717 1086 1770 cuiusque
1127 1717 1393 1756 detrahantur

609 1805 619 1824 ¹
648 1804 801 1836 Urlichs:
826 1808 995 1837 exactam.

609 1849 620 1867 ²
643 1858 720 1879 cum
737 1848 812 1880 add.
829 1849 899 1880 edd.

253 1989 266 2003 ‘¹
290 1984 361 2015 Th<-
397 1985 610 2025 comparison
645 1984 673 2015 is
707 1983 788 2015 with
825 1983 883 2015 the
917 1985 1094 2025 operation
1129 1983 1182 2015 for
1214 1984 1391 2025 removing

208 2028 339 2058 carious
360 2028 444 2058 bone
464 2029 496 2058 in
516 2038 606 2059 man.

210 2100 276 2134 174
