1486 2359
131 896 170 926 18

132 1208 169 1237 1ss

396 164 584 202 PLINY:
638 164 902 201 NATURAL
939 165 1077 201 Hls'r(
1087 164 1176 202 ›RY

196 274 271 311 est,
306 281 396 305 cum
431 267 476 304 L.
510 267 700 304 Metellus
731 269 771 304 in
803 266 1006 317 triumpho
1040 269 1226 317 plurimos
1261 267 1376 305 duxit

196 345 443 395 elephantos,
464 345 613 382 assibus
634 344 795 395 singulis
816 344 929 382 farris
949 345 1101 382 modios
1122 345 1257 390 fuisse,
1276 348 1375 383 item

198 426 273 459 vini
299 426 459 473 congios
487 423 628 473 ficique
654 425 781 460 siccae
808 422 940 473 pondo
966 435 1053 465 xxx,
1078 422 1153 460 olei
1181 423 1313 473 pondo
1339 435 1377 466 x,

195 504 321 538 carnis
370 501 501 551 pondo
549 513 617 537 xxi.
674 514 745 538 nec
794 514 815 538 e
863 499 1082 537 latifundiis
1131 500 1377 551 singulorum

195 579 455 628 contingebat
492 582 713 615 arcentium
750 580 908 622 vicinos,
944 581 1092 628 quippe
1128 581 1253 616 etiam
1288 578 1377 628 lege

196 655 366 693 Stolonis
389 656 523 693 Licinii
546 656 693 693 incluso
712 656 830 693 modo
850 658 1160 707 quingentorum
1180 659 1377 707 iugerum,

197 740 236 771 et
259 737 342 783 ipso
358 748 428 770 sua
450 734 537 784 lege
558 734 750 771 damnato
770 747 861 771 cum
885 734 1103 771 substituta
1125 734 1189 770 filii
1211 747 1379 784 persona

196 812 362 861 amplius
391 812 622 861 possideret.
679 812 914 848 luxuriantis
942 814 1021 848 iam
1049 814 1104 849 rei
1132 825 1170 862 p.
1198 811 1275 849 fuit
1301 814 1376 849 ista

197 903 394 927 mensura.
452 889 577 926 Manii
635 889 796 940 quidem
851 889 956 927 Curii
1012 895 1101 940 post
1155 889 1378 940 triumphos

196 971 499 1018 inmensumque
517 974 715 1005 terrarum
735 968 938 1005 adiectum
958 970 1123 1017 imperio
1142 973 1239 1005 nota
1257 968 1380 1006 dictio

197 1052 257 1083 est
273 1049 536 1096 perniciosum
554 1046 732 1096 intellegi
748 1049 874 1083 civem
891 1049 952 1083 cui
970 1052 1127 1096 septem
1145 1049 1283 1097 iugera
1299 1060 1379 1084 non

196 1130 330 1161 essent
344 1127 440 1161 satis
455 1136 463 1167 ;
493 1124 592 1161 haec
609 1126 713 1160 enim
730 1124 743 1147 ¹
760 1138 946 1161 mensura
962 1123 1094 1174 plebei
1110 1130 1200 1173 post
1216 1131 1380 1162 exactos

197 1215 310 1252 reges
331 1202 541 1252 adsignata
562 1209 635 1239 est.
691 1216 890 1252 quaenam
911 1216 1005 1253 ergo
1024 1208 1166 1239 tantae
1185 1202 1381 1240 ubertatis

196 1294 316 1317 causa
356 1280 471 1317 erat?
526 1283 698 1330 ipsorum
738 1287 833 1318 tunc
873 1280 1055 1317 manibus
1096 1283 1380 1330 imperatorum

196 1358 431 1395 colebantur
459 1361 556 1409 agri,
585 1365 628 1395 ut
658 1358 717 1395 fas
747 1364 807 1395 est
835 1358 1014 1402 credere,
1041 1358 1246 1409 gaudente
1273 1365 1381 1396 terra

197 1450 355 1473 vomere
377 1436 556 1473 laureato
574 1442 615 1473 et
633 1435 862 1486 triumphali
880 1442 1053 1480 aratore,
1069 1439 1149 1473 sive
1166 1436 1220 1473 illi
1237 1436 1380 1474 eadem

197 1528 290 1551 cura
306 1517 457 1551 semina
473 1515 704 1552 tractabant
721 1528 799 1564 qua
814 1514 919 1551 bella
935 1515 1158 1565 eademque
1174 1514 1381 1565 diligentia

199 1606 291 1630 arva
318 1593 584 1642 disponebant
612 1606 690 1643 qua
716 1599 863 1636 castra,
888 1595 970 1630 sive
997 1591 1172 1630 honestis
1199 1593 1380 1631 manibus

198 1674 329 1707 omnia
353 1670 494 1707 laetius
518 1673 754 1720 proveniunt
778 1673 966 1721 quoniam
989 1677 1031 1708 et
1053 1673 1242 1708 curiosius
1267 1671 1379 1709 fiunt.

197 1754 398 1785 serentem
418 1751 654 1785 invenerunt
676 1748 761 1785 dati
782 1747 950 1785 honores
970 1747 1199 1792 Serranum,
1218 1748 1324 1786 unde
1343 1751 1379 1787 ei

198 1833 238 1863 et
251 1839 486 1876 cognomen.
541 1828 671 1863 aranti
684 1832 876 1876 quattuor
887 1839 957 1863 sua
970 1829 1107 1876 iugera
1121 1828 1159 1862 in
1174 1825 1380 1871 Vaticano,

198 1917 300 1954 quae
335 1902 458 1940 Prata
488 1902 653 1950 Quintia
687 1903 954 1954 appellantur,
985 1903 1220 1941 Cincinnato
1253 1905 1381 1942 viator

600 2021 612 2041 ¹
635 2021 803 2052 Rackham
818 2033 825 2052 :
850 2025 978 2053 autem.

197 2094 267 2118 200
