1486 2359
141 388 199 417 150

427 151 615 188 PLINY:
669 151 932 189 NATURAL
971 151 1208 188 HISTORY

228 260 477 303 temperetur
507 254 567 291 hic
597 255 736 291 modus
765 260 810 291 ut
839 267 1016 291 crescere
1046 257 1268 291 etiamnum
1297 254 1410 292 malit

228 332 346 368 quam
366 332 518 368 parcre.

280 382 434 419 Palmes
452 383 550 419 duas
567 389 699 419 tresve
717 396 896 434 gemmas
917 382 1066 420 habere
1084 383 1157 419 sub
1177 385 1270 433 iugo
1287 383 1411 420 debet

229 459 278 483 ex
310 447 451 496 quibus
483 450 652 483 materia
685 454 886 490 nascatur,
917 453 1013 483 tunc
1043 459 1115 496 per
1146 449 1281 497 iugum
1313 449 1410 497 erigi

227 510 474 561 alligarique,
494 518 537 548 ut
557 514 802 548 sustineatur
820 514 930 561 iugo,
949 524 1027 547 non
1045 510 1238 560 pendeat,
1257 511 1411 548 vinculo

229 588 319 611 mox
344 575 570 611 adstrictius
595 590 616 611 a
640 578 762 612 tertia
785 588 946 625 gemma
969 574 1136 625 alligari,
1158 578 1346 625 quoniam
1368 581 1411 612 et

229 642 281 675 sic
316 646 522 675 coercetur
556 642 730 688 impetus
765 642 961 676 materiae
996 639 1278 690 densioresque
1311 642 1410 676 citra

228 706 404 752 pampini
427 703 634 746 exultant3
668 717 860 740 cacumen
882 703 1039 753 religari
1061 709 1214 740 vetant.
1268 710 1411 740 natura

228 767 326 803 hacc
354 773 436 804 est:
477 767 636 804 deiecta
663 781 753 817 pars
780 774 849 804 aut
875 767 1102 817 praeligata
1127 767 1302 804 fructum
1326 767 1412 813 dat,

229 831 521 881 plurimumque
535 834 619 881 ipsa
633 837 844 869 curvatura
858 844 867 875 ;
895 831 1001 882 quod
1014 834 1113 868 citra
1127 838 1188 868 est
1201 835 1411 870 materiem

229 898 380 932 emittit
400 896 413 918 ¹
456 895 692 940 offensante‚
735 896 868 939 eredo,
912 898 1053 945 spiritu
1096 902 1137 933 et
1181 895 1247 933 illa
1291 909 1411 947 quam

229 960 399 996 diximus
412 959 600 996 medulla.
651 973 754 1010 quae
767 963 823 996 ita
838 963 1044 997 emicuerit
1057 963 1227 997 materia
1239 959 1411 998 fructum

139 1029 193 1060 181
224 1023 337 1061 dabit
375 1037 480 1060 anno
517 1031 726 1074 sequente.
782 1027 836 1061 sic
874 1024 953 1061 duo
991 1037 1140 1074 genera
1178 1024 1412 1074 palmitum:

141 1670 202 1702 182

229 1088 336 1138 quod
359 1101 380 1125 e
405 1089 503 1125 duro
528 1091 611 1125 exit
636 1091 929 1138 materiamque
954 1091 993 1125 in
1016 1091 1241 1138 proximum
1264 1102 1412 1127 annum

228 1155 427 1202 promittit
476 1156 768 1202 pampinarium
819 1159 983 1189 vocatur
1030 1159 1099 1190 aut
1148 1153 1215 1190 ubi
1231 1151 1247 1176 ²
1293 1167 1413 1203 supra

228 1219 453 1253 cicatricem
498 1224 559 1253 cst
602 1217 877 1260 fructuarium,
920 1217 1092 1254 alterum
1136 1231 1187 1254 ex
1228 1217 1412 1256 anniculo

229 1282 394 1330 palmite
412 1295 570 1330 semper
587 1281 861 1318 fructuarium.
916 1281 1153 1331 relinquitur
1169 1282 1242 1318 sub
1260 1285 1353 1333 iugo
1369 1287 1412 1320 et

229 1349 294 1394 qui
334 1352 498 1382 vocatur
533 1345 782 1382 custos—hic
819 1352 881 1382 est
919 1345 1094 1382 novellus
1130 1346 1297 1395 palmes,
1334 1360 1411 1384 non

231 1410 382 1459 longior
426 1410 552 1446 tribus
597 1413 780 1459 gemmis,
826 1413 1006 1459 proximo
1051 1424 1155 1447 anno
1200 1414 1412 1449 materiam

228 1473 294 1510 dat
305 1488 394 1510 urus
410 1477 439 1510 si
457 1477 546 1510 vitis
563 1473 717 1511 luxuria
732 1488 773 1511 se
788 1477 1172 1523 consumpserit—et
1187 1474 1285 1512 alius
1299 1478 1412 1513 iuxta

231 1552 320 1574 cum
329 1567 336 1580 ‚
350 1552 536 1574 verrucae
549 1538 839 1588 magnitudine,
852 1541 919 1588 qui
931 1538 1160 1575 furunculus
1172 1539 1412 1589 appellatur,

229 1605 259 1638 si
278 1602 381 1638 forte
399 1609 531 1638 emtos
549 1602 675 1639 fallat.

279 1665 378 1701 Vitis·
412 1674 628 1716 anthuam
658 1673 886 1715 septumum
915 1680 1062 1703 annum
1090 1681 1111 1703 a
1140 1667 1294 1705 surculo
1320 1681 1411 1706 con-

229 1729 336 1779 pleat
359 1736 524 1766 cvocata
544 1730 593 1767 ad
614 1730 785 1767 smmum
807 1733 1021 1768 eiuncescit
1041 1744 1086 1768 ac
1106 1734 1282 1769 moritur.
1337 1746 1410 1771 nec

624 1851 634 1870 ¹
660 1852 816 1892 Mnyhoff
827 1864 834 1882 ε
860 1852 979 1884 mittit.

621 1894 634 1913 ²
665 1894 736 1925 Vll.
754 1898 816 1926 aut,
831 1895 871 1931 si,
888 1898 950 1926 aut·
966 1895 1029 1927 uti.

639 2017 655 2032 ⁸
678 2015 725 2044 Or
741 2012 995 2044 stock-branch.

231 2101 297 2132 124
