1486 2359
153 655 194 679 Ν)

154 1037 189 1065 ⁸1

425 156 614 194 PLINY:
658 156 922 194 NATURAL
957 155 1194 194 HISTORY

222 260 259 296 id
274 260 384 297 cibus
406 259 633 297 inliberalis,
651 262 788 309 utique
805 263 835 296 si
856 273 1050 309 proxume
1070 260 1154 297 olus
1176 259 1404 302 mandatur,

221 327 250 360 si
269 337 360 360 vero
378 327 460 373 ipse
476 337 566 360 cum
583 324 692 360 olivis
709 324 889 374 druppis,
906 327 1028 361 rarior
1043 329 1178 361 ructus
1196 324 1241 361 fit
1259 338 1295 361 m
1314 336 1403 360 nus-

221 401 298 438 que
320 388 506 425 factidus.
562 390 751 438 Aegypto
773 391 871 425 mire
893 388 1121 426 celebratur
1141 387 1219 425 olei
1239 392 1404 438 propter

222 453 473 489 fertilitatem
490 452 596 503 quod
614 466 634 489 e
652 455 802 490 semine
820 455 904 490 eius
920 452 1086 490 faciunt.
1140 451 1214 490 hoe
1230 454 1403 490 maxime

221 520 385 566 cupiunt
413 530 560 561 serere,
587 520 618 553 si
648 517 781 562 liceat,
810 519 998 567 quoniam
1027 523 1069 553 et
1098 522 1288 567 quaestus
1316 515 1404 566 plus

221 595 341 630 quarn
362 594 384 617 e
404 580 606 618 frumento
627 588 669 618 et
688 584 817 618 minus
837 581 977 618 tributi
998 587 1060 618 est
1088 581 1321 631 nullumque
1349 580 1404 617 ibi

219 648 413 695 copiosius
437 645 581 682 oleum.
636 659 786 696 genera
810 645 976 696 raphani
1002 645 1147 683 Graeci
1171 645 1303 683 fecere
1327 647 1403 682 tria

221 709 401 746 foliorum
439 709 678 754 differentia,
714 713 829 760 crispi
867 716 990 761 atque
1027 709 1122 747 levis
1159 715 1202 748 et
1237 712 1403 747 tertium

221 774 422 818 silvestr&
457 780 580 825 atque
601 774 690 812 huic
713 774 813 812 levia
835 774 997 825 quidem
1018 773 1113 812 folia
1132 774 1204 812 sed
1223 774 1405 812 breviora

221 853 265 875 ac
278 839 448 876 rotunda
461 842 699 889 copiosaque
712 852 758 876 ac
771 839 961 876 fruticosa
975 851 985 883 ;
1010 852 1127 889 sapor
1139 844 1276 876 autem
1289 851 1405 889 asper

222 909 262 939 et
299 903 581 940 medicamenti
617 906 742 940 instar
776 903 827 941 ad
863 903 1079 940 eliciendas
1113 902 1233 940 alvos.
1288 909 1331 940 et,
1364 905 1404 940 in

222 968 414 1016 prioribus
428 974 565 1004 tamen
585 968 810 1005 differentia
825 981 847 1004 a
859 968 873 991 ¹
889 970 1056 1011 semine,
1071 970 1259 1018 quoniam
1273 967 1404 1018 aliqua

221 1034 346 1081 peius,
371 1032 503 1082 aliqua
529 1032 744 1069 admodum
771 1034 964 1083 exiguum
989 1031 1146 1070 ferunt:
1184 1031 1284 1069 haec
1308 1034 1404 1069 vitia

223 1109 299 1132 non
330 1096 480 1133 cadunt
513 1099 584 1133 nisi
617 1099 656 1133 in
688 1099 817 1146 crispa
849 1096 956 1134 folia.
1011 1098 1133 1134 nostri
1165 1095 1241 1133 alia
1273 1095 1404 1134 fecere

221 1174 392 1211 genera:
426 1161 643 1211 Algidense
664 1175 686 1197 a
705 1161 805 1205 loco,
824 1161 987 1211 longum
1006 1167 1130 1211 atque
1149 1160 1404 1205 tralucidum,

221 1225 391 1261 alterum
417 1228 500 1275 rapi
528 1225 653 1275 figura
679 1225 785 1275 quod
810 1232 953 1262 vocant
979 1225 1199 1276 Syriacum,
1223 1227 1404 1262 suavissi-

222 1303 330 1325 mum
357 1289 440 1326 fere
466 1303 511 1326 ac
537 1293 798 1326 tenerrimum
823 1289 1044 1340 hiemisque
1070 1292 1228 1339 patiens
1253 1291 1403 1340 praeci-

223 1366 310 1402 pue.
370 1353 532 1390 vcrum²
554 1360 691 1391 tamen
713 1368 763 1391 ex
783 1353 897 1405 Syria
919 1367 997 1391 non
1017 1354 1171 1404 pridem
1191 1353 1403 1391 advectum

221 1424 403 1467 apparet,
432 1421 619 1468 quoniam
648 1419 755 1468 apud
784 1425 965 1456 auctores
994 1432 1073 1455 non
1101 1421 1320 1468 reperitur;
1361 1417 1400 1455 id

221 1487 357 1516 autem
380 1486 468 1517 toto
492 1479 624 1517 hieme
647 1480 778 1518 durat.
834 1483 1055 1517 etiamnum
1080 1494 1202 1517 unum
1225 1480 1404 1517 silvestre

222 1545 364 1581 Gracci
379 1547 511 1581 cerain
526 1551 684 1589 vocant,
699 1545 852 1581 Pontici
867 1558 1018 1589 armon,
1033 1544 1097 1581 alii
1111 1544 1266 1588 leucen,
1279 1547 1403 1582 nostri

221 1612 493 1653 armoraciam,
538 1609 678 1646 fronde
724 1611 917 1659 copiosius
964 1622 1085 1660 quam
1130 1622 1305 1659 corpore.
1361 1611 1400 1646 in

396 1728 405 1746 ¹
431 1739 451 1758 a
467 1728 541 1759 add.
561 1728 747 1759 llardouin.

396 1771 409 1789 ¹
433 1771 624 1812 praecipue.
642 1781 758 1802 verum
780 1771 936 1812 Mayhoff
946 1784 954 1803 z
979 1772 1210 1813 praecipuum.

261 1943 276 1957 ⁸
299 1939 346 1969 Or
371 1943 379 1954 ⁶
395 1937 640 1979 crispcd-leaf'.
687 1938 722 1969 If
743 1949 791 1975 so,
814 1939 841 1969 it
865 1938 978 1970 would
999 1939 1040 1970 bo
1062 1948 1082 1970 a
1104 1938 1254 1981 cabbage
1277 1939 1399 1980 (Greek

222 1983 376 2020 ῥάφανος)
394 1981 558 2013 confused
575 1981 656 2012 with
675 1992 695 2012 a
711 1981 826 2013 radiflh
845 1981 969 2021 (Greek
987 1981 1148 2022 ῥαφανίς).

261 2024 273 2043 ⁶
300 2024 534 2056 Ilorse-radish
552 2024 683 2065 though
700 2025 806 2056 cerain
821 2025 848 2055 is
865 2025 1023 2066 properly
1040 2025 1119 2057 wild
1135 2024 1260 2056 radish.

220 2115 289 2149 ⁴72
