1486 2359
134 549 194 580 108

137 936 196 967 109

135 1387 195 1418 110

429 182 619 220 PLINY:
662 183 925 221 NATURAL
961 184 1197 222 HISTORY

221 289 374 323 runcari
403 292 615 336 praeterea
645 293 687 324 et
717 290 843 329 sariri,
874 290 904 324 si
937 301 1014 324 non
1044 290 1215 338 saepius,
1246 294 1400 339 quater.

221 350 472 388 Ascaloniam
501 365 637 388 mense
667 352 881 388 Februario
909 359 1046 390 serunt
1074 355 1210 390 nostri.
1264 366 1402 390 semen

219 428 407 465 ceparum
443 418 664 466 nigrescere
695 416 997 465 incipientiuml
1029 423 1248 467 antequam
1276 419 1403 455 inare-

219 479 331 517 scat²
352 485 523 517 metunt.

270 544 463 581 XXXIII.
495 544 548 581 Et
593 544 643 582 de
680 558 795 594 porro
835 547 873 581 in
920 544 994 582 hac
1038 548 1279 595 cognatione
1324 546 1400 583 dici

219 611 444 649 conveniat.
460 612 697 658 praesertim
709 623 798 645 cum
811 612 960 646 sectivo
972 612 1256 646 auctoritatem
1275 623 1401 659 nuper

221 672 361 710 fecerit
399 676 580 723 princeps
623 673 726 710 Nero
767 676 869 710 vocis
908 676 1038 723 gratia
1079 687 1128 711 ex
1159 674 1247 711 oleo
1280 677 1396 712 statis

221 750 403 774 mensum
422 740 598 774 omnium
618 738 757 775 diebus
775 737 949 788 nihilque
965 738 1072 775 aliud
1088 751 1133 776 ac
1155 751 1203 775 ne
1226 751 1371 788 panem
1387 739 1403 762 ³

221 802 383 852 quidem
418 803 626 839 vescendo.
680 805 824 839 seritur
866 805 1016 839 semine
1060 803 1110 839 ab
1149 805 1402 853 aequinoctio

221 873 428 910 autumno,
470 869 502 903 si
546 869 740 904 sectivum
781 867 912 903 facere
955 866 1082 910 libuit,
1123 866 1295 904 densius.
1364 869 1403 904 in

223 931 365 968 eadem
395 944 488 968 area
515 937 676 968 secatur
703 931 830 968 donec
860 931 1043 974 deficiat;
1080 937 1404 982 stercoraturque

221 1008 393 1045 semper,
426 998 458 1032 si
502 998 676 1032 nutritur
720 998 761 1031 in
796 998 943 1045 capita,
978 1001 1196 1046 antequam
1233 1001 1402 1033 secetur.

221 1074 311 1097 cum
350 1062 528 1103 increvit,
568 1062 605 1096 in
641 1060 758 1096 aliam
799 1073 933 1097 aream
969 1059 1210 1097 transfertur
1242 1063 1404 1097 summis

222 1124 322 1161 foliis
366 1124 508 1162 leviter
548 1127 680 1162 recisis
724 1130 818 1161 ante
862 1124 1081 1161 medullam
1124 1130 1166 1161 et
1208 1124 1404 1175 capitibus

221 1191 404 1226 retractis
432 1189 605 1226 tunicis⁴
625 1191 827 1225 extremis.
882 1191 1037 1239 antiqui
1063 1188 1170 1226 silice
1190 1188 1252 1226 vel
1269 1189 1405 1226 testa⁵

221 1254 401 1290 subiecta
445 1256 579 1303 capita
624 1252 978 1291 dilatabant—hoc
1022 1256 1121 1290 item
1169 1255 1209 1290 in
1253 1253 1404 1297 bulbis;

222 1331 325 1355 nunc
353 1318 505 1355 sarculo
534 1317 675 1355 leviter
702 1317 979 1355 convelluntur
995 1317 1162 1362 radices,
1181 1323 1227 1354 ut
1253 1317 1404 1356 delum-

220 1383 341 1420 batae
369 1382 479 1419 alant
512 1396 642 1433 neque
675 1381 913 1419 distrahant.
971 1384 1124 1433 insigne
1158 1382 1278 1433 quod,
1314 1396 1404 1420 cum

223 1447 314 1484 fimo
343 1447 530 1497 laetoque
558 1446 642 1483 solo
674 1447 868 1496 gaudeat,
901 1449 1014 1497 rigua
1046 1446 1153 1490 odit3
1193 1452 1235 1483 et
1266 1452 1403 1484 tamen

221 1514 467 1562 proprietate
497 1511 672 1562 quadam
702 1511 772 1547 soli
802 1517 1010 1548 constant:
1054 1510 1371 1548 laudatissimum
1389 1511 1405 1534 ⁶

222 1577 426 1626 Aegypto,
463 1589 555 1612 mox
592 1575 732 1612 Ostiae
769 1581 892 1625 atque
930 1576 1098 1612 Ariciae.
1153 1577 1290 1612 sectivi
1326 1575 1405 1612 duo

221 1653 391 1689 genera:
430 1639 672 1677 herbaceum
699 1639 805 1683 folio,
829 1642 1006 1676 incisuris
1031 1642 1114 1676 cius
1140 1639 1405 1684 evidentibus,

223 1719 300 1755 quo
316 1710 483 1742 utuntur
496 1704 855 1748 medicamentarii‚
870 1703 1040 1741 alterum
1054 1717 1180 1754 genus
1196 1703 1404 1742 flavidioris

514 1823 524 1842 ¹
549 1821 740 1854 Beck-ham:
767 1822 929 1863 incipiens
945 1826 1073 1854 autem.

509 1866 521 1884 ²
546 1865 731 1905 Deilefeen:
764 1870 985 1897 marcescant.

514 1908 527 1926 ³
551 1908 672 1948 Silliq:
699 1919 796 1949 pane.

513 1952 526 1970 ⁴
549 1952 739 1982 Rackham:
764 1951 943 1982 tunicisve.

513 1994 527 2013 ⁸
550 1995 758 2025 Salmasius:
784 1998 887 2026 tecta.

515 2038 528 2056 ⁶
553 2038 727 2077 iilnpahoff:
754 2037 1008 2068 laudatissimus
1025 2037 1069 2068 in.

223 2118 296 2155 490
