1486 2359
149 452 200 482 191

146 1544 204 1575 193

438 150 627 188 PLINY:
679 149 943 188 NATURAL
980 149 1216 186 HISTORY

236 255 299 292 alii
329 255 402 292 sub
427 257 511 304 ipsa
537 256 790 291 muturitate.
845 253 915 290 sed
944 253 995 289 de
1025 252 1082 289 his
1112 252 1275 290 Catonis
1303 265 1418 302 prae-

230 325 349 368 cepta
379 319 621 362 decernent3
661 330 835 368 namque
865 323 906 354 et
936 319 1191 366 putationum
1220 316 1419 354 tradenda

235 386 336 420 ratio
357 389 430 419 est.

285 447 467 484 Protinus
487 446 588 483 hanc
608 460 629 483 a
649 446 864 490 vindemia,
883 446 951 483 ubi
969 445 1070 482 caeli
1088 452 1204 496 tepor
1223 445 1418 497 indulget,

234 512 489 553 adoriuntur3
540 511 611 548 sed
649 516 690 548 et
710 510 724 533 1
762 513 803 546 in
831 509 906 547 hoc
936 510 1018 546 ficri
1049 523 1267 560 numquam
1296 510 1418 548 debet

235 579 389 612 ratione
411 582 581 612 naturae
603 581 698 611 ante
721 581 904 611 exortum
927 574 1098 624 aquilae,
1120 581 1164 611 ut
1185 577 1226 611 in
1245 575 1418 612 siderum

234 642 361 676 causi<
406 639 637 676 docebimus
681 641 862 688 proximo
907 639 1119 682 volumine,
1164 641 1284 676 immo
1327 652 1420 676 vero

234 703 406 747 favonio,
442 706 630 754 quoniam
666 716 812 752 anceps
848 702 965 752 culpa
1001 702 1095 739 cst²
1129 715 1420 754 praeproperae

234 767 514 805 festinationis,
569 771 600 803 si
633 770 787 804 saucias
822 769 973 804 recenti
1008 767 1204 804 medicina
1238 767 1420 805 mordeat

235 832 435 882 quaedam
481 832 621 869 hiemis
666 833 894 874 ruminatio,
937 837 1091 868 certum
1136 837 1197 868 est
1240 845 1420 882 gemmas

235 910 372 933 earum
397 896 542 946 frigore
567 895 751 933 hebetari
774 895 994 946 plagasque
1019 896 1112 933 findi
1138 901 1180 932 et
1202 896 1301 933 caeli
1325 899 1420 933 vitio

236 964 346 998 exuri
359 960 491 998 oculos
504 960 667 997 lacrima
681 960 931 1002 destillante;
953 974 1044 996 nam
1058 960 1151 1010 gelu
1163 959 1323 1011 fragiles
1338 961 1419 998 fieri

189 1036 195 1043 ·
234 1028 319 1075 quis
351 1024 505 1062 nescit?
559 1038 770 1074 operarum
802 1027 877 1061 ista
908 1027 1142 1073 conputatio
1173 1031 1233 1061 cst
1264 1028 1303 1062 in
1331 1025 1420 1062 lati-

235 1089 394 1133 fundiis,
416 1103 492 1125 non
522 1089 701 1139 legitima
722 1095 892 1126 naturae
913 1088 1130 1125 festinatio.
1186 1102 1264 1139 quo
1291 1095 1420 1127 matu-

234 1157 313 1191 rius
334 1159 530 1203 putantur
550 1156 653 1203 aptis
669 1153 825 1197 diebus,
843 1167 890 1189 eo
911 1153 997 1202 plus
1018 1157 1212 1191 materiae
1232 1153 1420 1199 fundunt,

238 1232 316 1268 quo
331 1221 468 1261 serim,
485 1231 533 1255 eo
548 1217 724 1255 fructum
740 1218 976 1254 uberiorem.
1033 1231 1155 1267 quare
1171 1231 1323 1256 macras
1341 1221 1420 1269 pri-

235 1296 279 1319 us
292 1285 503 1319 conveniet
516 1288 674 1332 putare,
687 1281 836 1318 validas
851 1284 1074 1325 novissime,
1086 1282 1248 1331 plagam
1259 1296 1420 1320 omnem

235 1346 436 1397 obliquam
457 1346 539 1383 fieri
558 1352 602 1383 ut
621 1346 736 1383 facile
755 1345 943 1383 decidant
963 1346 1122 1389 imbres.
1141 1353 1181 1383 et
1201 1347 1252 1384 ad
1269 1353 1418 1385 terram

234 1414 334 1448 verti
372 1424 491 1461 quam
529 1410 725 1447 levissima
759 1413 944 1448 cicatrice
981 1413 1065 1447 acie
1101 1410 1211 1448 falcis
1248 1418 1420 1450 exacuta

233 1475 433 1526 plagaque
454 1475 696 1518 conlevata,³
716 1475 836 1512 recidi
858 1481 994 1511 autem
1016 1488 1175 1524 semper
1194 1478 1301 1513 inter
1319 1476 1418 1514 duas

231 1553 426 1590 gemmas,
446 1553 494 1575 ne
512 1542 564 1575 sit
582 1539 721 1576 vulnus
740 1538 860 1576 oculis
879 1541 918 1575 in
937 1541 1060 1576 recisa
1080 1545 1208 1588 parte.
1263 1542 1417 1591 nigram

234 1617 319 1640 esse
349 1617 439 1640 eam
469 1603 659 1640 noxium*²
690 1605 923 1640 existimant
954 1609 997 1640 et
1026 1603 1154 1640 donce
1184 1603 1236 1641 ad
1265 1606 1418 1643 sincera

233 1670 416 1705 veniatur
433 1667 702 1711 recidendam,
720 1670 906 1718 quoniam
927 1681 948 1704 e
966 1669 1106 1704 vitioso
1124 1670 1293 1705 materia
1310 1669 1417 1706 utilis

232 1746 309 1769 non
334 1738 467 1769 exeat.
522 1734 553 1768 si
577 1745 711 1768 macra
735 1734 825 1768 vitis
849 1731 1012 1769 idoneos
1035 1731 1222 1782 palmites
1245 1745 1325 1770 non
1347 1732 1416 1771 ha·

548 1867 556 1885 ¹
585 1870 620 1897 et
636 1865 712 1897 add.
729 1866 766 1897 J.
786 1866 826 1897 M
830 1865 937 1898 ualler.

546 1910 557 1928 ²
580 1912 656 1940 est?
675 1909 850 1949 ,Mayhoff:
875 1910 930 1940 sit.

543 1953 556 1971 ⁸
580 1952 785 1983 Pintianusz
811 1952 1001 1984 convelata.

543 1996 555 2014 ⁴
581 1996 720 2027 noxium
736 1995 811 2027 add.
823 1998 838 2027 τ
857 1995 1019 2036 Mayhoff.
