1486 2359
121 634 180 666 168

121 943 181 975 159

121 1375 180 1407 160

418 156 607 194 PLINY:
651 155 914 194 NATURAL
951 156 986 193 H
995 156 1187 194 ISTORY

209 273 381 310 namque
398 263 602 297 incurvato
616 263 822 298 cacumine
839 260 1002 298 alicuius
1018 263 1131 303 rami,
1145 274 1235 298 cum
1253 263 1389 312 attigit

207 328 355 358 terram
385 325 522 359 statim
551 322 764 359 radicatur.
834 322 978 359 eadem
1008 328 1051 359 et
1079 325 1206 359 ocimo
1235 329 1393 366 natura,

209 386 279 419 nisi
312 383 418 433 quod
447 383 638 420 difficilius
671 386 813 421 arescit
847 397 997 421 semen.
1053 384 1173 420 ruta²
1204 391 1393 421 runcatur

208 459 286 481 non
316 447 400 482 sine
431 445 667 482 difficultate
695 448 894 495 pruritivis
924 445 1134 489 ulceribus,
1158 448 1196 482 ni
1230 448 1392 482 munitis

209 507 390 543 manibus
420 507 458 543 id
486 507 557 544 flat
581 506 718 544 oleove
747 507 933 544 defensis
988 507 1227 544 condiuntur
1255 513 1392 544 autem

208 575 250 605 et
271 571 353 605 eius
373 568 466 605 folia
484 575 773 619 servanturque
792 568 999 606 fasciculis.

258 629 399 666 XLVI.
433 630 497 667 Ab
513 633 765 680 aequinoctio
781 644 901 668 verno
921 633 1065 667 seritur
1084 633 1219 680 apium
1239 633 1390 668 semine

207 692 369 742 paulum
399 695 438 728 in
458 692 539 741 pila
560 691 739 742 pulsato:
775 695 940 742 crispius
967 695 1020 729 sic
1050 698 1196 742 putant
1218 692 1301 729 fieri
1323 698 1393 729 aut

207 756 238 790 si
266 760 398 790 satum
428 754 606 791 calcetur
632 753 810 804 cylindro
839 754 1070 803 pedibusve.
1126 757 1327 804 proprium
1355 757 1390 791 ei

208 815 314 865 quod
355 815 527 852 colorem
568 821 714 853 mutat.
770 814 892 853 honos
932 819 971 852 in
1012 815 1162 852 Achaia
1201 829 1389 853 coronare

209 880 376 914 victores
396 879 496 914 sacri
515 880 744 914 certaminis
766 877 957 914 Nemeae.

259 938 422 975 XLVII.
456 939 609 976 Eodem
628 945 810 988 tempore
831 942 975 976 seritur
995 945 1133 976 menta
1153 939 1293 989 planta
1314 939 1389 983 vel,

207 1003 237 1037 si
272 1001 448 1038 nonduin
488 1003 703 1051 germinat,
733 1014 924 1051 spongea.
980 1000 1085 1038 non²
1128 1004 1256 1038 minus
1292 1000 1391 1039 haec

207 1063 342 1099 umido
354 1063 518 1112 gaudet.
568 1068 726 1100 aestate
747 1062 1006 1106 viret‚hieme
1021 1062 1209 1100 flavescit.
1264 1076 1390 1113 genus

207 1127 291 1161 eius
304 1124 482 1161 silvestre
496 1130 762 1161 mentastrum
777 1136 785 1168 ;
813 1137 862 1161 ex
876 1123 949 1161 hoc
964 1130 1211 1174 propagatur
1225 1130 1270 1162 ut
1284 1127 1388 1167 vitis,

207 1186 268 1222 vel
285 1189 314 1221 si
332 1189 474 1223 inversi
496 1189 594 1222 rami
615 1192 809 1223 serantur.
866 1192 1028 1223 mentae
1050 1199 1195 1223 nomen
1215 1189 1390 1223 suavitas

207 1247 336 1284 odoris
371 1254 469 1297 aput
504 1247 678 1284 Graecos
713 1250 898 1292 mutavit,
932 1261 1022 1284 cum
1057 1247 1202 1298 alioqui
1237 1247 1392 1285 mintha

207 1315 428 1352 vocaretur,
451 1309 557 1346 unde
581 1315 737 1346 veteres
761 1312 883 1346 nostri
908 1322 1053 1346 nomen
1075 1309 1394 1355 declinaverunt,

208 1384 310 1407 nunc
339 1377 476 1408 autem
507 1373 639 1420 coepit
668 1371 745 1408 dici
772 1372 974 1420 ἡδύοσμον.
1028 1376 1145 1421 grata
1179 1371 1393 1415 tomento,³

208 1446 364 1469 mensas
395 1433 515 1470 odore
547 1435 746 1482 percurrit
778 1435 817 1469 in
849 1435 1002 1470 rusticis
1034 1433 1214 1482 dapibus.
1269 1432 1392 1470 semel

207 1501 295 1531 sata
331 1494 486 1531 diutina
522 1500 660 1531 aetate
696 1495 827 1531 durat.
882 1497 1065 1545 congruit
1101 1494 1247 1544 puleio,
1281 1497 1392 1532 cuius

209 1562 353 1593 natura
390 1559 428 1592 in
464 1559 651 1592 carnariis
690 1556 943 1593 reflorescens
979 1559 1136 1606 saepius
1173 1556 1281 1593 dicta
1317 1562 1391 1594 est.

207 1616 306 1654 haec
335 1630 493 1668 quoque
522 1623 730 1655 servantur
758 1617 873 1654 simili
901 1631 1064 1668 genere,
1093 1624 1272 1655 mentam
1301 1617 1392 1655 dico

209 1679 466 1730 puleiumque
514 1686 556 1717 et
604 1685 806 1729 nepetam.
863 1679 1206 1716 condimentorum
1254 1685 1391 1717 tamen

328 1766 337 1784 ¹
363 1765 536 1806 Mayhoss:
561 1765 621 1796 sed
637 1769 715 1796 ruta
737 1765 884 1797 Urlichs:
911 1766 1034 1796 arescit
1050 1765 1108 1797 sed
1126 1765 1260 1797 durata.

326 1809 338 1827 ²
362 1818 430 1840 non
447 1809 522 1840 add.
541 1808 718 1840 Hardouin
736 1809 833 1847 (mire
850 1819 909 1849 pro
926 1809 1063 1840 minus?
1084 1808 1262 1849 Mayhofs).

325 1851 337 1869 ³
363 1852 538 1893 Mayhoff:
563 1855 662 1894 grato
677 1855 736 1882 aut
752 1855 851 1893 grato
867 1856 994 1883 mento.

248 1948 262 1961 ⁶
286 1943 416 1983 Apium
441 1943 511 1974 also
537 1943 687 1975 includes
713 1943 832 1984 celer-y,
859 1943 927 1974 und
953 1942 1074 1974 indeed
1099 1941 1208 1983 celery
1233 1942 1260 1974 in
1284 1941 1388 1984 really

205 1990 323 2016 meant
340 1985 429 2017 here.

255 2028 267 2045 ”
293 2028 486 2070 Especially
504 2029 730 2070 peppermint.

209 2101 278 2137 5²²
