1486 2359
122 1075 182 1105 154

123 1450 182 1479 155

416 141 582 179 PLINY
597 155 605 178 :
658 141 922 179 NATURAL
958 141 1191 179 HISTORY

211 259 254 282 se
272 245 404 282 tendit
424 244 716 295 longitudinem
735 244 889 294 inplens
906 245 920 267 1
939 244 1130 294 quamdiu
1148 244 1240 282 nodi
1259 246 1396 294 pervia

211 326 353 370 patent
373 319 526 362 fistula3
556 333 646 357 cum
663 332 756 356 vero
772 322 947 356 concreti
963 319 1151 356 ademere
1166 322 1395 363 transitum,

212 408 442 444 repercussa
470 397 643 444 erumpit
671 395 721 431 ab
749 397 828 431 ima
855 397 914 431 sui
941 400 1057 443 parte
1084 396 1197 431 iuxta
1223 397 1394 444 priorem

212 470 360 507 nodum
378 470 541 507 alternis
558 469 731 506 laterum
749 482 908 519 semper
923 469 1164 517 inguinibus,
1182 474 1227 506 ut
1243 469 1395 506 dictum

213 551 273 582 est
295 548 333 581 in
354 544 576 582 harundine
597 557 642 582 ac
663 543 804 587 ferula,
826 557 992 594 quorum
1013 543 1226 580 dexterum
1246 543 1297 580 ab
1317 546 1396 580 imo

212 619 461 669 intellegitur
476 619 657 662 articulo,
671 619 830 656 laevum
847 621 886 655 in
902 621 1096 668 proximo,
1113 624 1235 668 atque
1251 621 1397 668 ita‘per

212 697 328 731 vices.
382 693 456 731 hoc
475 700 640 731 vocatur
657 696 697 730 in
717 696 797 730 vite
815 707 977 744 gemma
995 707 1085 730 cum
1105 693 1157 729 ibi
1175 695 1395 744 caespitem

211 769 320 811 fecit,
343 775 438 806 ante
461 783 553 806 vero
576 782 697 819 quam
719 768 858 813 faeiat,
879 771 919 805 in
941 782 1114 806 concavo
1136 767 1270 806 oculus
1293 774 1335 806 et
1355 771 1396 806 in

210 846 417 881 cacumine
439 847 524 894 ipso
545 857 724 893 germen.
780 846 833 881 sic
854 843 1056 893 palmites,
1078 849 1260 893 nepotes,
1281 856 1397 888 uvae,

212 918 319 962 folia,
339 921 517 969 pampini
537 921 780 969 gignuntur;
814 921 1038 969 mirumque
1060 918 1230 955 firmiora
1252 931 1338 956 esse
1357 920 1397 956 in

211 994 379 1031 dextera
398 1000 513 1043 parte
532 997 684 1044 genita.

265 1068 346 1105 Hos
368 1082 462 1119 ergo
488 1071 527 1105 in
553 1068 715 1106 surculis
742 1069 879 1112 nodos,
905 1082 995 1106 cum
1021 1074 1220 1113 seruntur,
1245 1068 1397 1106 medios

210 1158 345 1181 secare
376 1150 536 1193 oportet
566 1147 623 1181 ita
655 1158 704 1181 ne
736 1143 907 1193 profluat
937 1143 1126 1181 medulla.
1181 1149 1223 1181 et
1253 1146 1294 1181 in
1324 1143 1397 1182 fico

211 1219 373 1269 quidem
393 1219 650 1256 dodrantales
671 1219 827 1268 paxillis
845 1219 860 1242 ²
880 1219 963 1256 solo
982 1218 1192 1268 patefacto
1212 1225 1398 1256 seruntur

211 1297 264 1331 sic
291 1300 335 1331 ut
361 1294 609 1332 descendant
637 1308 740 1344 quae
766 1297 947 1343 proxima
973 1294 1103 1330 arbori
1129 1293 1292 1338 fuerint,
1318 1293 1397 1331 duo

211 1369 311 1406 oculi
333 1376 447 1406 extra
468 1375 618 1406 terram
640 1372 844 1406 emineant
866 1368 983 1418 (oculi
1005 1375 1141 1406 autem
1157 1371 1197 1406 in
1212 1369 1396 1407 arborum

210 1445 371 1481 surculis
387 1447 544 1494 proprie
558 1450 750 1481 vocantur
765 1444 870 1481 unde
886 1446 1162 1492 germinantur
1171 1444 1216 1495 ³).
1257 1443 1331 1481 hac
1346 1444 1398 1482 de

210 1532 328 1556 causa
356 1525 397 1555 et
424 1522 462 1555 in
489 1519 696 1569 plantariis
723 1519 937 1569 aliquando
964 1519 1107 1556 eodem
1133 1532 1237 1556 anno
1262 1518 1397 1556 ferunt

211 1608 308 1644 quos
324 1593 340 1617 ⁴
361 1594 472 1631 fuere
493 1594 612 1631 laturi
634 1593 785 1630 fructus
808 1597 847 1630 in
869 1594 1023 1637 arbore,
1043 1607 1134 1631 cum
1154 1596 1396 1644 tempestive

211 1672 287 1706 sati
316 1675 558 1720 praegnates
589 1669 795 1706 inchoatos
825 1675 1041 1718 conceptus
1072 1668 1192 1706 aliubi
1221 1671 1394 1719 pariunt.

211 1747 268 1781 ita
290 1750 399 1781 satas
424 1744 515 1782 ficos
539 1747 660 1781 tertio
685 1757 789 1781 anno
813 1743 1031 1781 transferre
1055 1743 1194 1781 facile:
1228 1742 1302 1782 hoc
1325 1757 1396 1794 pro

349 1869 360 1887 ¹
387 1868 561 1909 Mayhoff:
587 1867 760 1909 inpellenti.

348 1912 360 1930 ²
383 1911 450 1942 lan
465 1923 472 1942 :
497 1910 609 1943 taxilli
626 1910 760 1952 (paxilli
776 1910 823 1942 cd.
849 1910 918 1942 Vat.
936 1910 1008 1942 Lat.
1025 1911 1124 1959 3561,
1137 1921 1184 1959 7⁷⁵·
1201 1911 1247 1949 2).

345 1955 357 2016 ἶ
381 1954 490 2029 [Ιοίοί31ἰ
506 1978 595 2038 .ᾳὶιᾷ
605 1955 854 1995 germinantur]
870 1955 966 1994 qloes.
980 1954 996 1984 ?
1018 1954 1041 1985 11
1054 1957 1254 1994 armmqlon.

214 2078 225 2101 1
234 2069 279 2101 0()
