1486 2359
116 306 179 338 326

116 723 178 754 327

117 1212 179 1243 32⁸

118 1630 181 1661 32¹.»

416 197 581 234 PLINY
597 212 605 235 :
649 198 911 235 NATURAL
947 198 1187 236 HISTORY

258 301 439 338 LXXVI.
470 301 694 339 Observato
708 302 797 339 solis
813 308 902 339 ortu
918 316 1172 353 quocumque
1187 303 1251 340 die
1266 303 1391 341 libeat

206 372 406 407 stantibus
427 370 524 407 hora
545 371 623 407 diei
645 377 762 408 sexta
783 374 838 408 sic
859 378 903 408 ut
925 377 1056 408 ortum
1078 385 1169 409 eum
1191 386 1213 408 a
1234 375 1391 410 sinistro

207 454 342 477 umero
364 440 555 483 habeant,
575 447 713 477 eontra
737 441 911 477 mediam
932 440 1077 478 faciem
1099 441 1284 478 meridies
1306 448 1348 479 et
1368 455 1391 478 a

205 513 353 546 vertice
389 513 613 559 septentrio
650 513 748 553 erit3
799 513 864 560 qui
903 513 959 547 ita
996 511 1108 548 limes
1144 524 1215 560 per
1251 524 1390 561 agrum

203 586 335 616 curret
350 580 363 602 ¹
380 579 501 616 cardo
518 579 801 629 appellabitur.
856 582 1070 630 circumagi
1088 580 1233 617 deinde
1252 580 1391 617 melius

206 655 265 685 est
296 655 339 685 ut
368 649 551 685 umbram
579 662 692 685 suam
722 652 889 699 quisque
917 656 1072 692 cernat,
1100 649 1273 700 alioquin
1302 656 1388 699 post

205 718 407 754 hominem
441 721 528 755 erit.
563 732 658 768 ergo
692 721 931 768 permutatis
964 718 1171 763 lateribus,
1205 725 1248 756 ut
1281 726 1391 758 ortus

206 788 306 824 illius
331 788 410 824 diei
435 788 485 824 ab
523 788 667 825 dextro
694 801 830 824 umero
872 788 957 831 fiat,
980 802 1141 825 occasus
1166 802 1188 824 a
1221 791 1392 831 sinistro,

206 864 302 894 tunc
341 860 416 894 erit
454 857 551 894 hora
589 864 706 894 sexta
744 871 834 895 cum
874 861 1037 894 minima
1076 859 1216 895 umbra
1253 864 1392 895 contra

206 928 383 964 medium
421 927 490 964 fiet
531 926 746 964 hominem.
802 941 873 978 per
907 927 1022 965 huius
1058 928 1232 965 mediam
1268 928 1391 979 longi-

206 998 389 1034 tudinem
409 997 498 1034 duci
518 997 673 1035 sarculo
692 997 845 1035 sulcum
865 997 927 1034 vel
946 1000 1078 1035 cinere
1093 998 1108 1021 ²
1127 998 1262 1035 liniam
1283 999 1391 1035 verbi

206 1070 337 1117 gratia
363 1068 513 1117 pedum
540 1080 588 1104 xx
615 1070 841 1111 conveniet,
867 1068 1124 1118 mediamque
1151 1081 1393 1112 mensuram,

207 1136 280 1174 hoc
307 1143 366 1174 est
393 1140 431 1173 in
458 1137 628 1174 decumo
653 1138 772 1187 pede,
797 1138 1063 1174 circumscribi
1087 1137 1232 1175 circulo
1257 1151 1393 1188 parvo,

207 1210 272 1257 qui
306 1213 470 1244 vocetur
501 1207 722 1244 umbilicus.
778 1221 883 1257 quae
915 1220 1005 1257 pars
1037 1207 1157 1244 fuerit
1189 1221 1212 1244 a
1240 1211 1391 1245 vertice

207 1278 387 1317 umbrae,
429 1276 529 1313 hacc
571 1280 647 1313 crit.
690 1280 796 1314 venti
839 1280 1144 1327 septentrionis:
1199 1277 1265 1314 illo
1305 1278 1392 1321 tibi,

206 1353 383 1396 putator,
410 1347 594 1383 arborum
622 1346 766 1397 plagae
793 1360 843 1383 ne
870 1352 1069 1396 spectent,
1096 1360 1196 1384 neve
1230 1347 1392 1384 arbusta

207 1419 398 1453 vineaeve
436 1419 508 1453 nisi
546 1419 585 1453 in
622 1416 773 1460 Africa,
810 1416 989 1467 Cyrenis,
1026 1418 1239 1467 Aegypto;
1287 1417 1392 1454 illinc

208 1486 330 1522 flante
361 1493 482 1523 vento
522 1500 571 1522 ne
610 1493 737 1529 arato,
768 1500 952 1536 quaeque
983 1486 1060 1523 alia
1090 1489 1390 1536 praecipiemus.

208 1570 310 1606 quae
338 1570 427 1605 pars
455 1556 573 1593 liniae
602 1556 720 1593 fuerit
749 1570 770 1592 a
798 1556 966 1606 pedibus
994 1557 1159 1594 umbrae
1186 1556 1391 1594 meridiem

207 1632 407 1675 spectans,
424 1625 523 1662 haec
542 1632 705 1663 ventum
725 1633 903 1662 austrum
921 1626 1034 1663 dabit
1053 1639 1172 1676 quem
1189 1640 1211 1663 a
1230 1626 1392 1664 Graecis

208 1702 346 1731 notum
365 1695 535 1732 diximus
554 1699 705 1739 vocari3
737 1696 840 1732 illinc
858 1696 957 1732 flatu
975 1699 1162 1733 veniente
1180 1699 1390 1733 materiam

208 1768 436 1815 vinumque,
460 1765 647 1815 agricola,
670 1779 719 1802 ne
743 1771 906 1802 tractes.
963 1765 1118 1802 umidus
1142 1772 1210 1802 aut
1235 1771 1391 1803 aestuo-

207 1848 271 1870 sus
287 1834 427 1871 Italiae
441 1841 516 1878 est,
530 1834 688 1872 Africae
701 1834 862 1884 quidem
876 1835 1059 1871 incendia
1071 1848 1160 1872 cum
1173 1837 1391 1872 serenitate

207 1903 352 1941 adfert.
407 1906 446 1940 in
473 1903 577 1941 hune
606 1903 749 1941 Italiae
776 1903 962 1953 palmites
989 1910 1188 1954 spectent,
1213 1904 1286 1942 sed
1313 1918 1391 1942 non

521 2023 530 2041 ¹
558 2022 732 2062 Mayhoff:
759 2023 873 2053 currit.

519 2066 531 2083 ²
555 2066 665 2096 cultro
681 2065 742 2101 (vd
760 2072 909 2105 vomere)
929 2065 1090 2106 Muylwff.

206 2137 277 2173 394
