1486 2359
106 353 168 385 200

103 976 162 1006 21⁵1

103 1526 167 1557 202

398 168 563 206 PLINY
579 183 587 206 :
642 169 905 207 NATURAL
943 168 1179 207 HISTORY

197 285 355 322 quoque
376 272 598 309 laudatiora
620 275 782 308 summis
805 274 906 309 sicut
927 272 1109 309 uberiora
1132 274 1240 308 imis:
1276 271 1377 309 adeo

196 349 429 387 excelsitate
449 350 663 400 proficitur.
719 349 792 387 hac
812 352 966 386 ratione
987 355 1029 386 et
1048 349 1207 386 arbores
1227 349 1376 399 eligun-

195 433 285 464 tur:
322 430 448 477 prima
471 430 647 464 omnium
671 427 814 471 ulmus,
838 433 1008 477 excepta
1030 433 1194 477 propter
1216 430 1376 464 nimiam

195 504 377 542 frondem
397 506 548 548 Atinia,
567 505 660 542 dein
679 505 847 555 populus
868 508 994 555 nigra,
1013 505 1156 542 eadem
1176 505 1226 542 de
1245 518 1378 549 causa,

195 585 324 619 minus
340 583 464 620 densa
480 583 573 619 folio
588 595 597 626 ;
618 597 695 620 non
711 588 905 632 spernunt
923 582 1102 633 plerique
1119 588 1161 620 et
1179 582 1376 619 fraxinum

196 660 408 710 ficumque,
443 663 566 698 etiam
601 660 731 697 oleam
765 663 796 697 si
831 674 909 697 non
943 663 994 698 sit
1028 660 1213 697 umbrosa
1245 663 1376 698 ramis.

195 737 335 775 harum
360 745 470 775 satus
499 738 709 789 cultusque
739 738 897 776 abunde
926 744 1123 776 tractatus
1153 745 1226 775 est.
1283 743 1378 775 ante

195 828 309 852 xmtv1
327 829 506 853 mensem
524 819 669 867 attingi
687 816 789 853 falce
807 822 1018 859 vetantur;
1050 816 1205 853 alterna
1222 829 1377 853 servan-

195 900 260 930 tur
296 893 495 938 bracchia,
531 894 694 931 alternis
731 901 926 944 putantur
962 896 1088 938 annis,
1124 900 1239 931 sexto
1276 907 1378 931 anno

193 974 443 1009 maritantur.
498 972 785 1021 Transpadana
805 971 922 1009 Italia
939 977 1101 1022 praeter
1117 985 1236 1022 supra
1253 972 1379 1009 dictas

194 1063 329 1094 cornu,
371 1049 502 1099 opulo‚
545 1050 644 1094 tilia,
687 1063 816 1093 acere,
859 1063 969 1094 orno,
1010 1052 1187 1100 carpino,
1230 1063 1378 1100 quercu

195 1127 377 1164 arbustat
401 1141 530 1178 agros,
555 1127 726 1165 Venetia
750 1127 869 1165 salice
893 1133 1057 1178 propter
1080 1127 1270 1178 uliginem
1294 1127 1377 1165 soli.

195 1211 236 1241 et
259 1205 387 1242 ulmus
410 1205 651 1242 detruncata
675 1205 807 1243 media
831 1209 870 1242 in
892 1208 971 1243 tria
993 1219 1193 1242 ramorum
1217 1219 1377 1243 scamna

195 1285 401 1335 digeritur,
435 1285 541 1322 nulla
574 1285 658 1323 fere
693 1288 832 1336 viginti
865 1286 1015 1335 pedum
1048 1285 1189 1323 altiore
1223 1286 1375 1323 arbore.

192 1365 378 1402 tabulata
399 1379 536 1403 earum
557 1366 607 1403 ab
629 1372 770 1403 octavo
790 1366 895 1416 pede
916 1366 1138 1403 altitudinis
1159 1366 1380 1404 dilatantur

195 1446 234 1480 in
252 1443 414 1480 collibus
434 1447 626 1494 siccisque
645 1447 763 1495 agris,
782 1458 803 1481 a
823 1444 1073 1481 duodecumo
1091 1447 1131 1481 in
1148 1447 1379 1494 campestri-

194 1521 266 1558 bus
294 1527 333 1558 et
362 1522 515 1559 umidis.
572 1522 835 1559 meridianum
862 1522 985 1559 solem
1012 1528 1195 1572 spectare
1222 1522 1378 1572 palmae

194 1598 359 1642 debent,
396 1603 494 1636 rami
532 1613 554 1636 a
591 1603 771 1649 proiectu
808 1600 1024 1651 digitorum
1061 1600 1180 1638 modo
1215 1600 1378 1651 subrigi,

196 1677 327 1713 tonsili
351 1680 390 1713 in
413 1676 472 1714 his
495 1680 676 1714 tenuium
701 1691 859 1728 quoque
883 1678 1143 1728 virgultorum
1166 1677 1306 1722 barba,
1329 1691 1378 1716 ne

195 1755 447 1792 obumbrent.
503 1755 755 1792 intervallum
783 1758 931 1793 iustum
958 1756 1158 1801 arborum,
1184 1758 1216 1793 si
1243 1761 1380 1794 aretur

193 1832 333 1876 solum,
346 1833 591 1883 quadrageni
603 1833 726 1883 pedes
739 1836 778 1870 in
789 1839 906 1884 terga
918 1833 1187 1884 frontemque,
1199 1836 1238 1871 in
1249 1833 1377 1872 latera

193 1913 341 1954 viceni;
375 1913 405 1948 si
430 1924 507 1947 non
532 1917 680 1954 aretur,
703 1910 776 1949 hoc
800 1914 839 1948 in
863 1914 989 1949 omnis
1013 1917 1160 1961 partes.
1214 1910 1376 1962 singulis

193 1988 317 2025 denas
360 2002 482 2038 saepe
530 1989 764 2026 adnutriunt
809 1992 924 2033 vites,
967 1989 1160 2027 damnato
1207 1989 1378 2040 agricola

198 2087 266 2134 138
