1486 2359
145 259 206 289 204

144 1205 206 1236 206

443 152 631 189 PLINY:
674 151 938 189 NATURAL
974 152 1211 190 HISTORY

234 258 338 293 inter
357 268 495 292 omnes
516 260 653 292 autem
674 257 859 292 convenit
878 257 980 292 circa
1000 255 1182 292 brumam
1202 256 1412 294 serendum

235 328 312 351 non
327 327 428 358 esse,
441 327 587 364 magno
601 320 854 364 argumento,
868 317 1055 364 quoniam
1069 313 1234 352 hiberna
1248 318 1414 359 semina,

234 386 324 410 cum
361 379 458 410 ante
497 373 680 410 brumam
716 379 804 410 sata
844 376 936 416 sint,
974 376 1146 423 septimo
1183 374 1247 411 die
1285 387 1414 411 erum-

235 438 346 482 pant,
366 435 397 469 si
426 438 515 482 post
539 432 822 475 br11man1‚vix
855 432 1172 482 quadragesimo.
1227 439 1319 470 sunt
1347 435 1413 483 qui

235 497 450 541 properent.
467 497 590 541 atque
615 494 674 528 ita
698 493 973 542 pronuntient.
999 491 1232 528 festinatam
1259 505 1414 529 semen-

232 556 317 587 tem
341 563 462 600 saepe
486 550 684 600 decipere,
708 553 922 587 serotinam
948 563 1117 600 semper.
1173 564 1196 587 e
1218 553 1414 588 contrario

233 609 297 646 alii
324 609 385 647 vel
412 622 504 646 vere
531 612 662 659 potius
689 609 902 647 serendum
929 623 1049 659 quam
1077 609 1182 647 malo
1208 616 1414 651 autumno.

233 674 355 718 atque
386 669 452 705 ubi
478 668 597 706 fuerit
628 681 804 713 necesse,
829 671 934 705 inter
957 668 1158 705 favonium
1184 674 1225 706 et
1250 682 1413 706 vernum

231 730 541 778 aequinoctium.
597 728 758 777 quidam
802 731 945 764 omissa
986 727 1149 765 caelesti
1191 728 1414 766 subtilitate

232 787 478 836 temporibus
517 787 735 824 definiunt:
789 800 880 823 vere
921 787 1043 823 linum
1084 793 1126 824 et
1165 800 1332 824 avenam
1373 793 1415 824 et

233 859 408 895 papaver
432 852 570 896 atque,
596 848 654 882 uti
681 859 784 882 nunc
811 849 932 882 etiam
958 845 1216 895 transpadani
1241 852 1415 890 servant,

232 918 357 955 usque
391 907 430 941 in
464 907 741 955 quinquatrus,
774 904 924 948 fabam,
957 905 1154 955 siliginem
1190 904 1414 942 Novembre

233 977 385 1007 mense,
398 963 459 1000 far
472 963 699 1013 Septembri
715 969 896 1000 extremo
912 977 1036 1014 usque
1051 966 1090 1000 in
1104 964 1191 1001 idus
1205 964 1415 1008 Octobres,

233 1023 297 1060 alii
317 1029 407 1073 post
433 1022 537 1060 hunc
557 1023 664 1060 diem
686 1026 725 1059 in
751 1022 830 1059 kal.
853 1023 1099 1060 Novembris.
1155 1025 1212 1060 ita
1230 1022 1288 1060 his
1309 1022 1415 1060 nulla

234 1089 402 1119 naturae
424 1096 518 1119 cura
540 1088 615 1126 est,
637 1081 709 1119 illis
732 1085 867 1125 nimia,
890 1088 931 1119 et
953 1082 1043 1119 ideo
1063 1095 1183 1119 caeca
1203 1082 1416 1127 subtilitas,

233 1154 320 1178 cum
338 1155 399 1178 res
414 1147 579 1191 geratur
593 1144 698 1178 inter
712 1143 877 1178 rusticos
893 1141 1199 1192 litterarumque
1216 1147 1416 1192 expertes,

232 1215 308 1237 non
324 1201 442 1238 modo
456 1200 643 1237 siderum.
699 1206 741 1237 et
754 1200 1027 1237 confitendum
1044 1206 1104 1238 est
1117 1200 1228 1238 caelo
1241 1203 1415 1238 maxime

233 1266 416 1297 constare
437 1273 498 1303 ea,
518 1262 665 1310 quippe
686 1259 860 1309 Vergilio
880 1260 1044 1297 iubente
1064 1260 1257 1310 praedisci
1276 1266 1415 1298 ventos

234 1325 330 1356 ante
364 1321 498 1355 omnia
527 1332 573 1355 ac
602 1319 776 1355 siderum
809 1332 954 1362 mores,
983 1332 1115 1369 neque
1147 1318 1263 1356 aliter
1294 1332 1413 1370 quam

233 1378 513 1427 navigantibus
530 1381 688 1414 servari.
744 1391 834 1427 spes
855 1378 978 1414 ardua
999 1384 1041 1414 et
1061 1380 1243 1415 inmensa
1260 1381 1414 1415 misceri

233 1450 348 1486 posse
371 1437 588 1474 caelestem
619 1437 871 1473 divinitatem
904 1439 1114 1486 inperitiae
1137 1439 1322 1481 rusticae,
1345 1438 1415 1475 sed

233 1496 476 1545 temptanda
509 1496 623 1532 tam¹
658 1496 798 1545 grandi
831 1498 937 1533 vitae
971 1495 1254 1533 emolumento.
1309 1499 1415 1546 prius

233 1560 372 1591 tamen
391 1555 567 1592 sideralis
585 1555 742 1591 difficuli
754 1569 809 1598 as,
827 1568 946 1605 quam
966 1568 1126 1592 sensere
1143 1558 1265 1592 etiam
1282 1558 1415 1606 periti,

678 1635 690 1654 ¹
715 1635 782 1667 iam
800 1635 963 1676 Illayhoff.

275 1753 290 1768 ⁰
312 1748 373 1780 See
390 1758 475 1789 page
492 1749 565 1779 341.

274 1791 287 1853 ἶ
309 1791 537 1875 Ξῖἶῗνέοείῒῖἰέοέ
551 1791 761 1867 gnginerva
778 1791 961 1833 beginning
977 1791 1095 1824 March
1115 1793 1164 1825 19.

364 1894 412 1923 Ac
432 1893 525 1934 prius
544 1894 699 1935 ignotum
720 1893 807 1925 ferro
828 1903 931 1934 quam
950 1894 1136 1925 scindimus
1154 1904 1289 1935 aequor,

365 1940 486 1967 ventos
503 1946 543 1968 ac
561 1936 694 1968 varium
713 1936 795 1968 caeli
814 1936 1024 1978 praediscere
1041 1947 1169 1968 morem

365 1990 444 2010 cura
461 1980 506 2011 sit
522 1989 562 2011 ac
579 1980 709 2020 patrios
726 1979 906 2020 cultusque
923 1979 1130 2021 habitusque
1147 1979 1296 2012 locorum

364 2027 398 2053 et
417 2022 498 2064 quid
516 2032 673 2064 quaeque
690 2022 778 2054 ferat
795 2023 896 2064 regio,
917 2023 997 2063 quid
1017 2033 1171 2064 quaeque
1189 2024 1331 2054 recuset.

233 2078 302 2125 318
