1486 2359
135 640 176 669 59

135 1319 177 1348 60

414 159 603 196 PLINY:
648 159 910 197 NATURAL
946 159 1184 197 HISTORY

203 263 300 300 bant
340 276 443 313 quac
485 276 562 299 non
603 270 771 313 egerent
811 266 890 313 igni
931 270 1224 314 parcerentque
1265 263 1388 314 ligno,

203 325 392 373 expedita
427 338 488 361 res
525 331 567 361 et
603 331 746 374 parata
781 338 953 375 semper,
989 325 1095 362 unde
1131 331 1173 362 et
1210 328 1387 363 acetaria

202 386 468 435 appellantur,
496 385 626 423 facilia
653 389 843 437 concoqui
873 399 947 424 nec
975 393 1190 424 oneratura
1218 387 1383 424 sensus¹

201 448 303 491 cibo,
325 454 365 484 et
388 461 490 498 quae
514 451 676 485 minime
697 448 964 486 accenderent
986 448 1240 485 desiderium.
1296 462 1387 499 pars

204 522 339 546 eorum
366 510 416 546 ad
442 510 698 547 condimenta
723 512 928 560 pertinens
953 510 1106 547 fatetur
1125 510 1233 547 domi
1257 523 1388 548 versu·

203 585 285 608 ram
304 572 386 609 fieri
402 571 575 615 solitam,
588 578 712 622 atque
730 585 811 609 non
828 572 1009 609 Indicum
1028 575 1142 622 piper
1161 575 1389 623 quaesitum

203 647 387 683 quaeque
411 640 521 670 trans
545 636 670 670 maria
693 636 880 683 petimus.
935 636 1014 671 iam
1040 636 1080 671 in
1104 633 1288 672 fenestris
1311 637 1389 672 suis

203 695 314 744 plebs
331 696 483 732 urbana
499 698 673 745 imagine
685 695 701 719 ²
723 694 928 733 hortorum
943 696 1146 733 cotidiana
1162 695 1283 733 oeulis
1299 709 1390 733 rura

203 757 467 806 praebebant,
507 763 727 807 antequam
767 758 934 807 praefigi
975 763 1211 808 prospectus
1252 771 1389 795 omnes

202 821 334 867 coegit
375 819 642 856 multitudinis
684 822 918 856 innumerae
958 832 1078 857 saeva
1119 819 1387 857 latrocinatio.

204 881 463 931 quamobrem
479 883 529 917 sit
546 881 686 931 aliquis
702 886 744 918 et
759 880 818 918 his
833 880 973 925 honos,
990 894 1089 918 neve
1105 884 1389 919 auctoritatem

203 942 320 979 rebus
335 942 464 980 vilitas
478 943 645 986 adimat,
658 956 748 980 cum
763 945 999 993 praesertim
1015 945 1139 980 etiam
1153 946 1390 994 cognomina

204 1017 410 1053 procerum
452 1005 544 1042 inde
586 1010 684 1041 nata
725 1005 946 1048 videamus,
989 1004 1308 1056 Lactucinosque
1350 1008 1389 1043 in

203 1065 360 1103 Valeria
386 1066 537 1103 familia
563 1080 641 1103 non
667 1066 855 1116 puduisse
881 1066 1088 1116 appellari,
1114 1073 1156 1104 et
1180 1069 1390 1118 contingat

203 1127 335 1177 aliqua
348 1131 479 1177 gratia
493 1141 640 1177 operae
654 1141 854 1178 curaeque
868 1134 1029 1165 nostrae
1045 1128 1217 1178 Vergilio
1231 1141 1389 1179 quoque

202 1189 382 1226 confesso
414 1203 534 1240 quam
573 1193 624 1227 sit
655 1190 812 1227 difficile
843 1190 1053 1227 verborum
1085 1189 1274 1228 honorem
1304 1197 1388 1228 tam

203 1254 331 1300 parvis
348 1251 570 1301 perhibere.

255 1313 343 1350 XX.
375 1313 523 1351 Hortos
541 1313 656 1350 villae
673 1313 895 1365 iungendos
917 1327 996 1351 non
1018 1319 1078 1352 est
1100 1313 1265 1351 dubium
1286 1316 1390 1365 rigu-

204 1388 327 1425 osque
343 1378 518 1413 maxime
539 1375 804 1419 habendos‚si
824 1375 1239 1426 contingat,praefluo
1259 1389 1390 1420 amne,

204 1439 234 1473 si
268 1440 416 1481 minus,
446 1451 468 1475 e
505 1444 628 1488 puteo
665 1444 754 1475 rota
789 1441 999 1488 organisve
1037 1440 1300 1487 pneumaticis
1328 1438 1388 1476 vel

204 1498 452 1536 tollenonum
473 1498 618 1536 haustu
642 1502 804 1549 rigatos.
860 1499 986 1536 solum
1013 1499 1346 1549 proscindendum
1367 1513 1388 1536 a

204 1559 361 1597 favonio
391 1563 430 1597 in
460 1567 698 1598 autumnum
728 1561 1062 1611 praeparantibus
1092 1567 1182 1611 post
1211 1573 1276 1598 xlv
1304 1561 1390 1598 dies

204 1622 512 1673 iterandumque
544 1629 639 1660 ante
672 1623 868 1660 brumam.
924 1629 1015 1659 octo
1048 1625 1229 1673 iugerum
1260 1625 1389 1673 operis

204 1684 358 1733 palari³
385 1687 531 1722 iustum
557 1691 631 1729 est,
656 1684 791 1721 fimum
815 1691 895 1721 tres
919 1685 1042 1734 pedes
1065 1685 1146 1722 alte
1168 1698 1259 1722 cum
1281 1690 1388 1722 terra

299 1771 308 1789 ¹
335 1770 511 1811 Mayhoss:
537 1781 648 1802 sensu.
671 1813 685 1832 ⁸
714 1812 766 1844 Vl
795 1770 1066 1854 parzrlillayhoff:
1092 1771 1126 1802 in
1143 1771 1299 1812 imagine.

247 1940 440 1981 ‘Possibly
464 1950 507 1972 an
530 1940 676 1971 allusion
699 1943 736 1971 to
758 1940 870 1980 G'ffleor
892 1940 952 1971 1v.
969 1941 1008 1973 6:
1046 1939 1091 1971 In
1114 1940 1205 1971 tenui
1227 1939 1328 1977 labor,
1355 1943 1388 1971 a!

203 1983 398 2058 (ῑεέιέἒὶθηοπ
415 1983 543 2025 floria:
567 1983 699 2024 though
719 1982 871 2024 actually
896 1982 999 2024 Virgil
1021 1982 1152 2024 applies
1167 1983 1263 2015 these
1279 1983 1389 2014 words

202 2088 273 2135 458
