1486 2359
392 166 555 204 PLINY
571 180 580 204 z
622 166 886 204 NATURAL
922 165 1158 205 HISTORY

183 271 356 321 inpendii
383 271 490 320 apud
514 273 676 320 priores,
701 270 866 308 Creticis
890 276 1050 308 tantum
1075 272 1363 309 transmarinis·

184 354 260 391 que
280 341 434 377 cotibus
454 343 556 378 notis
577 354 650 378 nec
669 343 741 377 nisi
760 340 848 377 oleo
866 343 992 377 aciem
1018 340 1128 377 falcis
1155 343 1364 378 excitanti-

182 411 277 450 bus:
331 412 451 460 igitur
489 424 610 447 cornu
649 416 814 460 propter
852 409 984 447 oleum
1024 409 1075 447 ad
1113 423 1201 447 crus
1240 409 1364 462 ligato

182 479 335 517 fenisex
356 479 582 517 incedebat.
637 479 756 516 Italia
776 482 959 530 aquarias
978 485 1088 517 cotes
1107 479 1220 517 dedit
1247 479 1364 518 limae

183 553 266 587 vice
299 553 542 599 imperantes
574 549 692 593 ferro,
721 555 784 586 set
815 562 919 600 aqua
951 552 1130 599 protinus
1160 549 1363 587 virentes.²

182 619 342 656 falcium
362 622 536 669 ipsarum
556 619 635 656 duo
654 631 825 670 genera:
860 618 1043 656 Italicum
1062 619 1219 656 brevius
1239 632 1284 656 ac
1302 619 1365 656 vel

183 693 287 726 inter
311 702 449 739 vepres
474 702 633 740 quoque
656 689 882 733 tractabile,
903 688 1122 726 Galliarum
1146 688 1364 727 latifundiis

183 759 384 802 maiores,²
410 759 631 809 conpendio
661 762 808 809 quippe
838 759 990 796 medias
1019 759 1193 796 caedunt
1222 758 1364 796 herbas

182 830 462 879 brevioresque
483 835 755 879 praetereunt.
811 828 935 866 Italus
952 828 1105 866 fenisex
1125 828 1269 866 dextra
1286 842 1365 866 una

94 904 156 935 ‘262
181 913 301 936 manu
329 905 451 936 secat.
507 902 655 936 iustum
685 905 745 936 est
773 912 851 936 una
878 912 999 949 opera
1026 901 1066 935 in
1091 898 1157 936 die
1183 901 1365 949 iugerum

184 969 374 1012 desecari,
399 969 631 1019 alligarique
660 968 881 1018 manipulos
906 969 976 1005 cc²³
999 974 1196 1019 quaterna
1220 968 1364 1018 pondo.

183 1045 337 1076 sectum
352 1041 451 1075 verti
466 1039 517 1076 ad
529 1039 652 1076 solem
667 1052 739 1076 nec
753 1041 826 1075 nisi
838 1042 984 1076 siccum
997 1041 1169 1076 construi
1184 1044 1366 1089 oportet3

184 1112 222 1145 ni
237 1109 356 1146 fuerit
370 1109 623 1146 observatum
638 1107 712 1146 hoc
726 1108 952 1158 diligenter,
967 1107 1154 1146 exhalare
1166 1110 1366 1146 matutino

185 1179 370 1215 nebulam
418 1179 619 1228 quandam
665 1185 809 1221 metas,
854 1192 945 1216 mox
992 1178 1074 1216 sole
1117 1179 1278 1216 accendi
1324 1184 1366 1216 et

95 1253 155 1284 263
181 1249 425 1299 conflagrare
439 1255 594 1285 certum
610 1254 683 1285 est.
741 1262 872 1285 rursus
887 1251 1003 1299 rigari
1018 1248 1180 1286 desecta
1193 1254 1366 1299 oportet,

186 1325 229 1355 ut
261 1325 419 1356 secetur
449 1318 681 1355 autumnale
713 1318 848 1355 fenum
881 1319 987 1369 quod
1019 1325 1158 1356 vocant
1189 1319 1364 1357 cordum.

187 1388 443 1425 Interamnae
471 1392 510 1425 in
539 1388 706 1426 Umbria
734 1394 877 1439 quater
902 1401 1006 1426 anno
1033 1394 1218 1426 secantur
1244 1391 1364 1425 etiam

186 1472 262 1494 non
285 1461 411 1509 rigua,
431 1461 542 1508 rigua
564 1472 656 1495 vero
676 1465 740 1495 ter
759 1458 957 1508 plerisque
977 1460 1017 1495 in
1037 1458 1144 1502 locis,
1164 1464 1206 1495 et
1226 1464 1366 1508 postea

186 1531 222 1564 in
239 1531 322 1577 ipso
337 1528 483 1577 pabulo
497 1542 576 1565 non
591 1530 719 1565 minus
735 1527 996 1565 emolumenti
1012 1534 1073 1565 est
1088 1541 1207 1578 quam
1223 1541 1246 1565 e
1258 1527 1364 1565 feno.

184 1604 454 1634 armentorum
476 1598 565 1635 ideo
577 1597 593 1620 ⁴
610 1611 703 1635 cura
720 1600 1071 1649 iumentorumque
1087 1600 1366 1649 progeneratio

184 1681 298 1704 suum
315 1671 459 1717 cuique
475 1667 680 1704 consilium
697 1668 824 1709 dabit,
841 1670 972 1717 opimo
988 1668 1004 1692 ⁵
1019 1670 1192 1705 maxime
1209 1667 1366 1718 quadri·

187 1751 326 1788 garum
348 1743 530 1788 quaestu.

257 1848 269 1867 ¹
295 1858 385 1888 aqua
411 1873 417 1879 .
445 1873 452 1879 .
479 1873 486 1879 .
513 1848 686 1879 virentes?
705 1848 880 1888 Mnyhoss:
906 1848 1046 1888 aquaria
1071 1871 1080 1879 .
1106 1872 1113 1880 .
1141 1873 1148 1879 .
1173 1848 1295 1880 virent.

256 1891 268 1910 ²
292 1891 373 1922 Sic?
393 1891 551 1931 Mayhoff
562 1903 569 1922 :
596 1890 778 1922 latifundia
795 1901 815 1922 a
832 1890 1027 1922 maioribus.

255 1934 267 1951 ³
293 1934 481 1965 Rath—ham:
509 1944 590 1965 MCC.

255 1977 267 1995 ⁴
295 1976 448 2008 Urlichs:
474 1976 518 2008 id.

258 2019 269 2037 ⁵
295 2019 451 2061 Maykoff
462 2031 470 2051 ε
494 2020 636 2061 optimo.

184 2108 255 2144 354
