1486 2359
371 135 561 173 PLINY:
614 132 876 170 NATURAL
913 129 1152 168 HISTORY

176 241 344 289 piscinas
373 241 573 288 utrimque
600 242 708 273 terra
737 235 984 278 obstructos3
1026 236 1166 271 vitium
1195 236 1288 271 vero'
1315 234 1356 270 in

174 298 375 335 scrobibus
407 299 517 334 siccis
548 301 771 332 stramento
803 299 962 344 opertos
994 305 1041 330 ac
1071 292 1216 330 deinde
1247 298 1356 330 terra

176 357 337 393 obrutos
360 362 402 392 ut
424 357 628 392 cacumine
651 359 824 391 exstent.

87 421 147 452 115
225 413 348 451 XXV.
377 414 479 452 Cato
495 416 617 450 xitem
632 413 758 449 tribus
774 411 900 449 modis
915 413 1075 448 inserit:
1104 415 1355 460 praesectam

178 474 270 511 findi
286 473 398 510 iubet
413 486 484 523 per
499 471 730 515 medullam,
742 474 782 508 in
799 484 889 508 eam
903 469 1091 514 surculos,
1107 475 1297 507 exacutos
1311 475 1356 506 ut

174 532 325 570 dictum
350 538 424 574 est,
447 531 554 575 addi,
578 530 771 568 medullas
795 531 927 580 iungi3
965 528 1107 572 altero,
1131 531 1163 565 si
1187 530 1293 565 inter
1313 541 1357 565 se

176 594 276 628 vites
325 593 575 640 contingant,
625 591 834 639 utriusque
885 590 925 625 in
975 587 1180 638 obliquum
1230 586 1358 624 latere

175 652 372 687 contrario
400 649 541 686 adraso
570 651 713 686 iunctis
742 646 924 685 medullis
952 646 1152 697 colligari;
1193 648 1358 683 tertium

176 722 302 759 genus
325 714 385 745 est
406 708 611 745 terebrare
634 710 758 744 vitem
779 709 819 744 in
840 705 1049 756 obliquum
1069 705 1121 743 ad
1142 704 1359 742 medullam

176 768 428 817 calamosque
467 767 615 804 addere
653 765 790 816 longos
829 765 952 815 pedes
990 764 1103 802 binos
1142 769 1266 814 atque
1303 766 1361 801 ita

177 826 344 873 ligatum
386 828 548 862 insitum
591 828 810 874 intritaque
852 823 1011 862 inlitum
1053 825 1210 873 operire
1251 828 1361 860 terra

91 890 150 920 11⁶3
173 885 334 922 calamis
364 884 569 921 subrectis.
625 890 760 920 nostra
789 888 903 920 aetas
931 885 1103 920 correxit
1132 887 1178 919 ut:
1208 881 1362 919 Gallica

177 950 360 981 uteretur
393 943 553 980 terebra
589 955 692 993 quae
729 947 898 979 excavat
934 954 1008 978 nec
1042 943 1137 985 urit,
1172 943 1361 991 quoniam

178 1003 334 1039 adustio
348 1004 473 1038 omnis
487 1000 672 1045 hebetat,
686 1007 808 1052 atque
823 1007 868 1038 ut
882 1013 1156 1051 gemmascere
1170 1001 1362 1050 incipiens

180 1061 395 1111 eligeretur
425 1060 615 1104 calamus,
649 1073 721 1097 nec
753 1059 839 1110 plus
873 1073 994 1110 quam
1026 1058 1127 1096 binis
1161 1059 1211 1096 ab
1243 1061 1362 1096 insito

180 1123 373 1157 emineret
395 1119 635 1163 oculis‚ulmi
665 1148 672 1156 .
705 1148 711 1155 .
744 1119 770 1155 .¹
787 1120 932 1155 vimine
952 1117 1116 1169 alligato
1145 1147 1154 1154 .
1185 1147 1193 1155 .
1224 1117 1254 1154 .¹
1269 1117 1364 1155 bina

178 1178 531 1221 circumdarentur,
562 1208 569 1215 .
601 1207 608 1215 .
640 1177 669 1214 ,¹
686 1180 770 1216 acie
787 1191 808 1214 a
825 1177 979 1215 duabus
998 1177 1194 1227 partibus,
1209 1182 1255 1214 ut
1269 1176 1363 1215 inde

179 1240 310 1287 potius
339 1237 561 1274 destillaret
590 1250 726 1274 mucor
753 1239 821 1287 qui
848 1238 1023 1274 maxime
1052 1238 1153 1273 vites
1181 1234 1364 1280 infestat,

180 1297 272 1334 dein
297 1310 386 1333 cum
413 1295 651 1333 evaluissent
678 1295 837 1346 flagella
863 1295 987 1345 pedes
1012 1295 1140 1340 binos,
1165 1294 1363 1333 vinculum

181 1358 285 1392 insiti
331 1355 586 1397 incideretur,
630 1355 809 1392 ubertati
851 1354 1114 1392 crassitudine
1157 1356 1362 1404 permissa.

93 1419 151 1450 117
179 1414 325 1450 vitibus
367 1413 585 1450 inserendis
626 1419 786 1463 tempus
827 1413 976 1450 dedere
1017 1413 1068 1450 ab
1108 1415 1364 1464 aequinoctio

181 1479 373 1509 autumno
409 1473 459 1509 ad
494 1475 795 1521 germinationis
832 1475 957 1509 initia.
1012 1474 1164 1509 sativae
1199 1471 1364 1522 plantae

181 1531 418 1568 silvestrium
438 1531 633 1568 radicibus
658 1534 886 1568 inseruntur
904 1537 1049 1568 natura
1068 1531 1313 1581 spissioribus
1326 1530 1364 1574 ²;

182 1592 213 1626 si
250 1592 401 1627 sativae
440 1589 714 1627 silvestribus³
755 1592 993 1634 inserantur,
1031 1589 1280 1641 degenerant
1323 1591 1363 1627 in

232 1667 242 1686 ¹
268 1667 420 1698 Lucanas
438 1667 499 1698 Ma
501 1667 600 1708 y.hoff

234 1710 245 1728 ²
269 1709 509 1750 spissioribus?
528 1709 686 1751 Jlnyhoff
696 1710 768 1741 coll.
785 1711 800 1750 5
822 1711 900 1742 121:
925 1710 1130 1743 siccioribus.

238 1751 330 1783 'silv
333 1753 474 1783 estrium
494 1754 625 1784 truncis
644 1754 730 1784 coni.
757 1752 994 1794 Warminqton.
1017 1753 1064 1786 vel
1085 1753 1113 1785 si
1131 1753 1263 1785 sativae
1285 1776 1292 1784 .
1321 1778 1328 1786 .
1350 1777 1359 1786 .

187 1794 360 1826 feritatem
377 1795 472 1835 qloaa.
521 1795 573 1836 Cs.
601 1796 692 1828 tarr.
712 1796 797 1828 KR.
816 1795 844 1828 1.
862 1797 914 1827 40.

177 1924 187 1955 ι
227 1881 357 1913 ·XL1.
377 1883 395 1912 2
407 1882 441 1912 fl.
475 1881 487 1900 ⁶
499 1881 649 1913 Medulla
666 1882 822 1914 includes
839 1883 898 1915 the
917 1882 1165 1923 unrocognised
1175 1881 1362 1915 cambium-

189 1934 280 1965 ayer

226 1967 330 1998 ‘Tho
350 1971 517 2016 apparent
540 1967 681 1999 lacunae
705 1969 739 1999 in
762 1968 821 2000 the
844 1970 921 2000 text
943 1966 983 1999 of
1005 1967 1074 2000 this
1097 1970 1256 2000 sentence
1275 1967 1362 1999 have

182 2009 312 2041 ended
333 2021 371 2039 co
375 2011 417 2050 nj-
412 2010 540 2041 ‹ctuml
558 2011 774 2043 restoration.

153 2072 201 2108 80
