1486 2359
412 126 606 164 PLINY:
658 125 920 164 NATURAL
957 125 1193 163 HISTORY

211 228 422 266 latitudine
451 234 492 265 et
520 241 567 265 eo
593 228 773 278 amplius.
834 230 936 265 circa
964 230 1112 276 positas
1139 227 1262 277 pedes
1285 230 1390 266 terni

213 282 385 332 undiqm¹
412 295 432 318 e
458 281 582 319 solido
607 282 927 332 adaggerantur:
966 280 1096 318 arulas
1120 281 1158 318 id
1185 287 1328 319 vocant
1352 284 1390 318 in

210 335 444 385 Campania.
498 335 707 372 intervalla
746 348 795 371 ex
833 334 906 372 loci
947 339 1090 371 natura
1129 341 1338 372 sumantur
1354 334 1391 372 ¹:

211 392 375 426 rariores
396 389 585 426 serendas
605 392 644 425 in
665 388 954 438 campestribus
974 390 1172 425 convenit.
1227 388 1391 438 populos

143 449 183 478 78
211 447 252 479 et
293 442 482 485 fraxinos,
524 445 616 492 quia
657 442 913 479 festinantius
954 444 1197 492 germinant,
1237 441 1390 491 disponi

210 509 368 546 quoque
382 498 573 533 maturius
585 498 784 539 convenit,
795 494 868 533 hoc
881 500 941 532 est
953 495 1003 531 ab
1015 495 1144 532 idibus
1159 495 1391 539 Februariis,

210 549 355 599 plantis
377 555 419 586 et
445 552 548 599 ipsas
571 555 793 586 nascentes.
848 552 886 585 in
907 548 1162 597 disponendis
1187 548 1392 586 arboribus

210 603 461 653 arbustisque
501 616 546 640 ac
586 605 708 640 vineis
747 602 1030 653 quincuncialis
1069 602 1251 639 ordinum
1290 605 1392 639 ratio

212 656 373 707 vulgata
393 662 433 693 et
454 659 690 699 necessaria,
708 669 785 693 non
805 655 974 705 perflatu
995 655 1112 692 modo
1130 655 1236 693 utilis
1255 668 1389 693 verum

210 717 250 746 et
276 716 441 759 aspectu
465 716 596 760 grata,
620 723 779 760 quoquo
804 710 921 746 modo
945 712 1126 746 intueare
1150 711 1187 746 in
1211 709 1389 746 ordinem

209 776 251 800 se
285 766 515 814 porrigente
549 777 675 800 versu.
731 763 895 812 populos
929 763 1070 799 eadem
1106 765 1208 799 ratio
1239 765 1391 800 semine

209 829 313 867 quae
335 816 458 853 ulmos
478 817 649 859 serendi,
668 817 933 854 transferendi
954 829 1113 866 quoque
1133 829 1154 853 e
1173 818 1391 853 seminariis

211 870 352 906 eadem
377 876 419 907 et
442 870 558 907 silvis.

142 927 183 958 79
261 923 367 960 XVI.
399 924 506 960 Ante
550 926 681 960 omnia
727 926 848 973 igitur
891 926 928 959 in
974 922 1141 960 similem
1185 920 1390 960 transferri

209 982 357 1013 terram
394 983 463 1014 aut
500 977 701 1014 meliorem
738 983 912 1026 oportet,
948 990 1020 1013 nec
1056 989 1104 1014 ex
1140 976 1287 1026 tepidis
1321 982 1391 1014 aut

210 1031 465 1080 praecocibus
491 1033 528 1067 in
554 1031 717 1081 frigidos
742 1037 812 1068 aut
835 1034 1029 1067 serotinos
1054 1033 1166 1073 situs,
1191 1036 1235 1067 ut
1260 1042 1391 1081 neque

210 1098 258 1120 ex
282 1083 338 1120 liis
360 1086 397 1120 in
416 1084 514 1127 illos,
530 1091 570 1120 et
585 1084 600 1107 ²
620 1084 855 1134 praefodere
871 1084 1028 1121 scrobes
1047 1090 1142 1120 ante
1159 1083 1392 1134 aliquanto³

211 1140 289 1173 —si
331 1138 412 1173 ficri
444 1140 581 1187 possit,
609 1144 726 1175 tanto
755 1141 861 1187 prius
891 1137 1018 1175 donec
1049 1140 1184 1187 pingui
1213 1140 1391 1187 caespite

142 1196 183 1225 80
210 1191 472 1227 obducantur.
531 1191 654 1242 Mago
693 1198 788 1228 ante
829 1205 976 1228 annum
1018 1191 1144 1233 iubet,
1185 1196 1227 1227 ut
1267 1191 1388 1228 solem

211 1244 442 1294 pluviasque
466 1245 697 1287 conbibant,
721 1251 805 1288 aut,
828 1247 858 1281 si
883 1245 921 1281 id
945 1244 1122 1281 condicio
1146 1244 1288 1295 largita
1313 1257 1388 1281 non

209 1300 274 1340 sit,
299 1300 411 1348 ignes
440 1300 479 1334 in
506 1299 645 1335 mediis
671 1299 754 1335 fieri
780 1304 875 1335 ante
902 1311 1057 1335 menses
1083 1297 1195 1340 duo&
1221 1311 1293 1334 nec
1319 1301 1388 1334 nisi

211 1357 298 1399 post
317 1351 462 1388 imbres
483 1354 519 1388 in
540 1351 597 1388 his
616 1355 705 1395 seri,
723 1352 977 1389 altitudinem
997 1365 1133 1388 eorum
1153 1353 1190 1388 in
1209 1351 1390 1401 argilloso

211 1411 280 1440 aut,
316 1405 414 1441 duro
451 1405 533 1441 solo
570 1408 690 1442 trium
728 1406 950 1442 cubitorum
991 1418 1076 1441 esse
1114 1408 1152 1441 in
1189 1418 1390 1455 quamque

211 1464 381 1507 partem,
395 1461 432 1494 in
455 1461 584 1508 pronis
605 1459 736 1508 palmo
756 1459 938 1508 amplius,
952 1457 1172 1509 iubetque⁴
1189 1461 1387 1496 caminata

547 1561 554 1579 ¹
581 1560 769 1591 Rackltam:
795 1564 987 1592 sumuntur.

543 1604 554 1622 ²
577 1607 611 1634 et
627 1604 701 1634 add.
721 1604 897 1635 Rackham.

540 1647 553 1664 ³
576 1647 754 1687 aliquanto
769 1647 844 1678 add.
872 1650 885 1678 ’Ξ
906 1645 1067 1687 Mayhoff.

542 1689 555 1707 ⁴
580 1690 753 1730 Maylmss:
778 1694 813 1721 et,
832 1690 966 1730 ubique.

258 1862 270 1875 ⁰
289 1857 382 1889 Thus
395 1870 448 1888 :—

667 1904 693 1928 ’Χ-

669 1967 696 1993 -Χ-

749 1902 776 1927 -Χ-

751 1969 778 1995 -Χ-

832 1903 858 1926 -Χ-
914 1904 940 1928 34

629 1869 738 1896 ³⁶4(-

623 1936 734 1962 ‹it-‹x-

832 1970 860 1995 -Χ-
914 1970 941 1995 ’Χ-

623 2002 734 2027 ἥδ(-

787 1871 820 2028 ***

875 1869 985 1895 -x--x-

871 1935 980 1962 ’Χ-Ἂ·

870 2001 979 2028 ‹it-³(-

206 2069 250 2105 54
