1486 2359
114 377 173 409 182

115 805 174 837 183

119 1180 178 1211 184

116 1500 176 1532 185

409 161 597 199 PLINY:
640 161 903 200 NATURAL
939 161 1175 199 HISTORY

203 271 296 302 sunt
314 265 527 302 fortissima
556 264 707 302 nullum
736 264 841 301 ultra
862 264 1160 315 quadrimatum
1181 264 1278 302 utile
1307 270 1384 310 est,

201 319 414 356 dumtaxat
434 318 625 362 serendo3
660 318 797 355 culinis
820 324 862 355 et
883 317 989 355 ultra
1009 321 1252 368 tempestiva
1272 324 1378 356 sunt.

253 371 359 409 LIX.
390 371 600 409 Peculiaris
632 372 829 409 medicina
862 371 1055 421 raphano,
1082 372 1220 416 betae,
1252 377 1381 416 rutae,

201 425 357 463 cunilae
392 429 431 462 in
464 426 575 463 salsis
610 428 736 476 aquis,
771 438 874 476 quae
909 431 952 462 et
986 426 1133 475 alioqui
1168 425 1382 475 plurimum

201 482 390 516 suavitati
429 485 471 516 et
511 478 711 516 fertilitati
748 478 971 516 conferunt.
1025 482 1170 516 ceteris
1208 479 1382 516 dulcium

202 546 395 583 aquarum
434 535 546 583 rigua
584 538 771 582 prosunt;
815 532 1050 570 utilissimae
1084 545 1133 570 ex
1178 531 1237 570 his
1279 546 1383 583 quae

202 586 479 636 frigidissimae
509 592 552 623 et
572 599 675 636 quae
701 592 800 635 potu
819 588 1089 630 suavissimae,
1109 589 1238 623 minus
1264 586 1381 624 utiles

203 653 224 677 e
247 646 390 689 stagno
411 645 453 676 et
473 653 571 690 quas
588 639 731 676 elicesl
752 639 945 677 inducunt
961 642 1153 690 quoniam
1168 638 1382 677 herbarum

202 697 355 731 semina
367 692 574 730 invehunt.
597 696 811 743 praecipue
827 698 966 730 tamen
983 694 1129 731 imbres
1145 693 1273 738 alunt,
1289 706 1382 731 nam

203 753 245 784 et
266 747 453 784 bestiolas
472 749 723 784 innascentes
743 752 901 784 necant.

254 800 339 837 Lx.
370 800 506 837 Hortis
519 800 534 823 ²
549 799 669 837 horae
683 800 837 850 rigandi
852 802 1052 837 matutino
1067 806 1192 850 atque
1203 812 1384 850 vespera,

203 867 253 891 ne
278 854 517 890 infervescat
542 867 647 904 aqua
670 853 766 897 sole,
791 856 918 890 ocimo
941 859 1103 890 tantum
1128 859 1171 890 et
1195 853 1383 898 meridie3

203 921 297 944 nam
325 910 448 944 etiam
475 913 608 944 satum
635 907 840 944 celerrime
869 920 1078 957 erumpere
1105 913 1252 957 putant
1279 910 1384 945 inter

203 963 316 998 initia
336 961 507 998 ferventi
528 974 632 1011 aqua
653 974 869 1011 aspersum.
924 964 1058 997 omnia
1078 966 1215 998 autem
1235 960 1385 998 tralata

203 1014 366 1051 meliora
395 1014 687 1065 grandioraque
717 1014 831 1059 fiunt,
860 1017 1033 1051 maxime
1062 1017 1167 1064 porri
1196 1017 1383 1065 napique.

205 1071 244 1104 in
273 1068 487 1105 tralatione
517 1074 560 1105 et
599 1067 794 1105 medicina
824 1073 899 1112 est,
928 1068 1198 1118 desinuntque
1235 1070 1384 1106 sentire

203 1124 378 1165 iniurias,
426 1127 471 1158 ut
520 1120 731 1172 gethyum,
785 1134 960 1172 porrum,
1007 1120 1188 1171 raphani,
1236 1124 1385 1172 apium,

206 1175 401 1219 lactucae,
417 1188 529 1224 rapa,
544 1178 731 1212 cucumis.
785 1178 919 1212 omnia
935 1181 1073 1212 autem
1090 1174 1174 1212 fere
1191 1175 1385 1212 silvestria

202 1228 321 1266 sunt³
344 1234 386 1266 et
405 1228 506 1265 foliis
531 1231 683 1265 minora
709 1234 751 1266 et
769 1228 961 1273 caulibus,
980 1242 1073 1266 suco
1098 1231 1262 1272 acriora,
1281 1231 1383 1266 sicut

201 1282 346 1326 cunila,
359 1285 581 1333 origanum,
596 1289 699 1319 ruta.
753 1282 879 1319 solum
895 1295 988 1319 vero
1004 1295 1053 1319 ex
1074 1282 1255 1319 omnibus
1275 1282 1384 1332 lapa-

202 1335 317 1373 thum
339 1336 518 1373 silvestre
540 1336 703 1379 mclius3
739 1335 811 1373 hoc
834 1339 874 1372 in
895 1338 1031 1373 sativis
1054 1338 1183 1372 rumix
1206 1342 1384 1379 vocatur,

203 1392 379 1426 omnium
411 1403 513 1439 quae
546 1395 733 1426 seruntur
764 1395 1060 1440 nascunturque
1094 1388 1383 1426 fortissimum:¹

201 1443 369 1480 tradunt
386 1449 496 1480 certe
513 1443 637 1480 semel
655 1449 788 1480 satum
805 1443 949 1480 durare
968 1456 1041 1480 nec
1060 1445 1159 1479 vinci
1180 1456 1383 1493 umquam,

203 1497 444 1533 aeternum⁵
476 1499 650 1533 maxime
683 1499 797 1534 iuxta
829 1510 965 1547 aquas.
1019 1497 1145 1534 usus⁰
1179 1499 1262 1534 eius
1293 1510 1383 1534 cum

257 1604 264 1622 ¹
291 1604 509 1636 Hermolaus:
534 1604 644 1636 silices
659 1604 748 1635 (Λώτ
775 1604 875 1636 ilices.

257 1648 268 1665 ²
292 1648 373 1679 Sic?
394 1647 549 1688 Mayhoff
561 1660 567 1678 :
594 1647 756 1679 bestiolae
781 1672 788 1679 .
815 1672 822 1679 .
849 1672 857 1679 .
882 1651 1058 1680 necantur.
1076 1647 1138 1680 his.

253 1690 266 1709 ⁸
291 1691 465 1731 Mayhoff:
491 1691 559 1722 fere
575 1695 656 1721 sunt
672 1695 707 1722 et
723 1690 900 1722 silvestria.

254 1734 266 1751 ⁴
292 1733 462 1774 „ilayhoffz
506 1733 729 1765 fortissimum
767 1743 855 1774 quae
890 1737 1072 1765 servantur
1107 1734 1155 1765 cd.
1192 1733 1271 1765 Par.
1310 1732 1382 1766 Lat.

211 1777 334 1808 10:313:
372 1787 434 1807 om.
469 1776 555 1808 rell.=
594 1780 782 1808 nuscuntur
816 1777 885 1808 cdd.
919 1777 1083 1816 (nascitur
1116 1777 1165 1809 cd.
1196 1777 1275 1808 Par.
1310 1776 1381 1808 Lae.

208 1820 346 1856 6797?›.

253 1862 265 1881 ⁶
289 1865 492 1894 aeternum?
511 1862 685 1903 Mayhoss:
711 1873 732 1893 a
747 1867 847 1894 terra.

251 1905 265 1924 ⁸
291 1906 447 1946 Mayhoff
491 1916 615 1947 aquam
635 1916 714 1936 usus
731 1908 834 1946 (aqua
850 1916 951 1937 sucus
967 1905 1014 1937 cd.
1032 1905 1111 1937 Par.
1128 1905 1201 1937 Lat.
1221 1906 1351 1945 10318).

599 2033 614 2050 ⁸
636 2029 698 2062 See
713 2033 795 2062 note
810 2028 822 2048 ⁶
837 2040 881 2062 on
899 2031 914 2070 ξ
931 2031 1002 2063 185.

207 2086 276 2134 536
