1486 2359
117 273 178 305 119

119 625 179 658 120

120 1628 178 1658 122

412 165 578 203 PLINY
594 179 602 203 :
646 165 910 203 NATURAL
946 165 1184 204 HISTORY

255 268 442 306 XXXVI.
473 268 634 306 Semina
649 269 826 318 plurimis
842 269 1029 313 rotunda,
1045 269 1188 320 aliquis
1203 268 1390 320 oblonga,

204 331 338 377 paucis
354 327 510 365 foliacia
526 333 568 365 et
587 328 685 371 lata,
701 334 745 365 ut
761 328 946 377 atriplici,
963 329 1201 378 quibusdam
1217 334 1390 380 angusta

205 392 247 423 et
261 386 540 430 canaliculata‚
556 392 601 423 ut
617 390 788 424 cumino.
842 386 1033 424 differunt
1053 393 1096 424 et
1115 387 1245 424 colore
1262 390 1390 438 nigro,

203 445 444 490 candidiore,
463 448 562 482 item
581 445 728 483 duritia
746 445 991 483 surculacea.
1048 448 1087 482 in
1106 445 1278 483 folliculo
1296 452 1390 483 sunt

204 503 404 553 raphanis,
429 506 570 554 sinapi,
595 517 714 554 rapo;
754 504 906 542 nudum
931 517 1069 541 semen
1096 510 1156 542 est
1181 505 1390 550 coriandri,

204 565 327 606 aneti,
346 563 520 607 feniculi,
539 565 699 607 cumini,
719 565 865 601 cortice
885 563 1103 600 obductum
1124 563 1228 606 bliti,
1247 563 1387 608 betae,

207 622 408 672 atriplicis,
429 624 558 665 ocimi,
580 628 622 659 at
642 622 806 659 lactucis
828 624 869 659 in
888 621 1090 672 lanugine.
1147 621 1241 659 nihil
1263 625 1389 660 ocimo

204 680 432 725 fecundius;
488 695 579 718 cum
622 680 844 718 maledictis
888 695 934 718 ac
977 681 1129 732 probris
1172 681 1387 719 serendum

204 743 453 789 praecipiunt
478 746 521 777 ut
543 740 686 777 laetius
709 742 941 790 proveniat3
977 746 1065 777 sato
1087 742 1246 790 pavitur
1267 746 1388 778 terra.

204 805 247 835 et
269 802 470 835 cuminum
486 800 499 822 1
526 802 592 849 qui
619 805 756 836 serunt
780 805 994 849 precantur
1018 812 1067 836 ne
1093 805 1225 837 exeat.
1282 812 1388 850 quae

204 860 243 894 in
279 860 425 895 cortice
461 864 554 895 sunt
590 857 815 895 difficillime
854 861 1096 902 inarescunt,
1132 860 1388 909 maximeque

204 919 389 961 ocimum,
414 923 456 954 et
480 917 570 954 ideo
598 920 797 954 siccantur
821 920 953 953 omnia
978 930 1023 954 ac
1049 917 1148 954 siunt
1165 917 1180 940 ²
1203 916 1389 955 fecunda.

203 978 342 1026 utique
357 976 520 1013 meliora
534 982 751 1013 nascuntur
765 979 981 1013 acervatim
995 982 1084 1013 sato
1098 978 1252 1013 semine
1266 989 1387 1026 quarn

204 1047 361 1084 sparso;
397 1038 454 1072 ita
476 1041 586 1072 certe
609 1048 769 1084 porrum
793 1041 834 1071 ct
858 1038 993 1085 apium
1015 1041 1153 1072 serunt
1177 1037 1216 1072 in
1238 1034 1389 1073 laciniis

203 1094 447 1144 colligatum,
465 1097 599 1144 apium
617 1097 740 1131 etiarn
758 1094 904 1143 paxillo
921 1107 1091 1131 caverna
1108 1093 1216 1131 facta
1233 1107 1279 1131 ac
1298 1093 1390 1131 fimo

208 1155 375 1203 ingesto.
431 1159 648 1190 nascuntur
686 1159 820 1189 autem
859 1155 991 1189 omnia
1027 1159 1097 1190 aut
1133 1155 1284 1190 semine
1320 1159 1388 1190 aut

204 1211 415 1255 avolsione,
442 1212 641 1262 quaedam
672 1213 742 1249 et³
770 1215 921 1248 semine
953 1217 994 1248 et
1029 1211 1183 1249 surculo
1210 1217 1254 1249 ut
1282 1218 1387 1255 ruta,

204 1273 426 1320 origanum,
460 1270 921 1320 ocimum—praecidunt
957 1273 1063 1307 enim
1098 1276 1140 1307 et
1175 1269 1262 1314 hoc,
1299 1284 1388 1308 cum

204 1332 384 1379 pervenit
401 1329 451 1366 ad
467 1329 643 1379 palmum
666 1329 950 1374 altitudiniS—,
965 1329 1164 1380 quaedam
1180 1336 1222 1367 et
1238 1332 1389 1367 semine

205 1394 246 1425 et
267 1388 414 1431 radice,
436 1395 480 1425 ut
501 1402 614 1438 cepa,
636 1388 773 1431 alium,
795 1388 904 1425 bulbi
927 1395 969 1425 et
990 1392 1020 1425 si
1044 1402 1213 1438 quorum
1234 1388 1385 1426 radices

205 1447 500 1484 anniferorum⁴
521 1447 809 1497 relinquuntur.
841 1461 976 1484 eorum
995 1461 1086 1484 vei-o
1101 1460 1204 1497 quae
1220 1460 1244 1484 a
1257 1447 1389 1485 radice

204 1512 419 1543 nascuntur
445 1506 557 1543 radix
585 1506 775 1543 diuturna
803 1512 846 1543 et
873 1505 1060 1543 fruticosa
1089 1512 1164 1549 est,
1192 1512 1237 1543 ut
1264 1505 1388 1550 bulbi,

203 1564 357 1615 geth-vi,
391 1565 536 1602 scillae.
591 1565 782 1602 fruticant
816 1565 893 1601 alia
928 1571 970 1602 et
1005 1578 1082 1601 non
1116 1567 1310 1614 capitata,
1344 1571 1388 1602 ut

205 1627 339 1673 apium
378 1630 420 1660 et
457 1624 567 1661 beta.
620 1624 734 1661 caule
772 1627 896 1660 reciso
934 1624 1018 1661 fere
1057 1624 1217 1674 quidem
1256 1626 1389 1660 omnia

206 1686 477 1733 regerminant
520 1686 700 1733 exceptis
743 1696 847 1733 quae
890 1696 968 1719 non
1010 1683 1192 1719 scabrum
1235 1682 1388 1720 caulem

383 1790 394 1809 ¹
420 1789 527 1821 Gelan.
545 1802 552 1821 ε
578 1790 622 1821 ad
640 1791 867 1821 cacuminum.

381 1834 392 1852 ²
415 1832 528 1864 fiunt?
547 1832 683 1873 (γίνεται
702 1833 881 1873 Theophr.)
900 1833 1076 1873 Mayhoss:
1101 1837 1192 1864 sunt.

378 1876 390 1895 ³
414 1880 450 1907 et
465 1877 541 1907 add.
559 1877 739 1908 Rackham.

379 1919 391 1937 ⁴
418 1920 500 1951 Edd.
518 1931 525 1950 ε
552 1920 699 1951 radicem
718 1919 847 1950 minimi
866 1918 1024 1950 ferorum.

351 2048 364 2061 ⁰
390 2043 550 2084 armiferi.
569 2044 713 2084 sending
730 2053 776 2084 up
793 2053 813 2073 a
829 2053 902 2074 new
920 2042 1011 2074 stalk
1026 2052 1130 2084 every
1145 2052 1238 2084 year.

208 2110 278 2154 498
