1486 2359
607 591 810 639 LIBER
865 593 1033 639 XVIII

200 695 208 723 1
287 690 317 727 Ι.
346 689 546 731 SEQUITUR
566 697 707 727 natura
729 693 884 741 frugum
905 691 1187 742 hortorumque
1206 705 1251 729 ac
1271 691 1406 729 florum

235 768 418 805 quaeque
451 755 525 791 alia
559 762 718 804 praeter
751 756 909 792 arbores
942 762 1009 792 aut
1043 757 1204 793 frutices
1238 757 1407 807 benigna

233 824 375 861 tellure
416 827 665 874 proveniunt,
707 825 765 862 vel
806 839 876 875 per
915 839 956 862 se
997 832 1154 862 tantum
1197 825 1407 863 herbarum

233 897 409 930 inmensa
427 895 778 944 contemplatione,
796 898 825 931 si
846 898 931 945 quis
950 898 1137 932 aestimet
1157 898 1409 939 varietatem,

232 978 453 1001 numerum.
477 964 604 1007 flores,
626 964 766 1001 odores
787 965 1016 1015 coloresque
1040 972 1080 1001 et
1104 979 1216 1002 sucos
1239 979 1284 1002 ac
1308 968 1407 1003 vires

229 1047 364 1070 earum
398 1047 494 1084 quas
525 1033 662 1070 salutis
695 1040 763 1071 aut
797 1034 1013 1084 voluptatis
1047 1033 1247 1072 hominum
1279 1038 1408 1085 gratia

228 1106 369 1153 gignit.
425 1117 503 1153 qua
539 1106 574 1139 in
609 1110 723 1152 parte
758 1106 926 1153 primum
961 1106 1136 1140 omnium
1171 1107 1407 1153 patrocinari

230 1179 362 1209 terrae
394 1179 435 1209 et
472 1173 611 1209 adesse
647 1179 879 1210 cunctorum
919 1176 1073 1222 parenti
1115 1176 1238 1217 iuvat,
1274 1187 1409 1224 quam-

192 1246 210 1275 ts:

231 1256 349 1292 quam
381 1245 484 1279 inter
511 1245 620 1279 initia
645 1245 775 1292 operis
799 1242 1005 1280 defensae.
1061 1246 1248 1293 quoniam
1272 1249 1407 1281 tamen

232 1315 313 1361 ipsa
363 1315 529 1348 materia
572 1312 823 1349 accedimus¹
871 1312 921 1349 ad
963 1315 1260 1362 reputationem
1308 1315 1406 1350 eius·

229 1382 319 1419 dem
365 1385 555 1432 parientis
600 1388 641 1418 et
687 1385 818 1423 noxia,
864 1385 1004 1419 nostris
1049 1395 1137 1419 eam
1182 1383 1408 1421 criminibus

230 1465 443 1501 urguemus
464 1458 719 1501 nostramque
738 1452 895 1501 culpam
916 1451 967 1488 illi
989 1454 1231 1501 inputamus.
1268 1455 1407 1502 genuit

230 1534 397 1559 venena.
412 1528 471 1557 set
489 1524 574 1571 quis
592 1524 740 1558 invenit
756 1521 821 1557 illa
837 1527 999 1570 praeter
1013 1520 1241 1558 hominem?
1267 1535 1408 1558 cavere

229 1603 274 1627 ac
306 1591 487 1640 refugere
518 1590 676 1627 alitibus
708 1591 879 1640 ferisque
909 1593 1006 1627 satis
1037 1596 1110 1627 est.
1165 1596 1288 1641 atque
1317 1604 1406 1628 cum

229 1660 369 1697 arbore
390 1667 586 1697 exacuant
618 1660 837 1710 limentque
862 1674 1007 1697 cornua
1036 1659 1239 1709 elephanti
1268 1666 1310 1697 et
1336 1663 1407 1703 uri,

229 1743 325 1766 saxo
375 1729 656 1773 rhinocerotes,
707 1736 876 1780 utroque
927 1733 1009 1779 apri
1061 1730 1242 1767 dentium
1293 1732 1408 1774 sicas,

229 1805 435 1853 sciantque
452 1803 502 1840 ad
519 1803 740 1839 nocendum
758 1815 998 1852 praeparare
1014 1816 1056 1839 se
1073 1802 1275 1845 animalia,
1302 1802 1406 1852 quod

229 1879 366 1909 tamen
399 1886 534 1909 corum
566 1878 736 1921 excepto
768 1871 926 1909 homine
958 1878 1000 1909 et
1031 1871 1114 1908 tela
1145 1885 1215 1908 sua
1248 1874 1408 1908 venenis

189 1948 208 1977 3
228 1945 375 1991 tinguit
391 1942 404 1977 ?
437 1956 505 1978 nos
522 1949 562 1979 et
579 1944 747 1992 sagittas
766 1944 975 1991 unguimus
993 1955 1038 1978 ac.
1055 1941 1159 1978 ferro
1176 1944 1247 1991 ipsi
1266 1954 1404 1978 nocen-

280 2039 289 2056 ¹
316 2038 472 2078 Mayhoff
485 2038 628 2077 (Inducti
645 2037 841 2068 accedimus
857 2040 869 2067 ‘3
888 2037 1072 2078 Rackham)
1087 2048 1094 2068 ι
1120 2036 1252 2068 accedit
1269 2037 1371 2068 intus.

231 2099 298 2134 188
