1486 2359
148 367 212 397 226

450 179 615 218 PLINY
630 194 638 218 z
681 179 944 218 NATURAL
979 178 1215 218 HISTORY

238 287 380 335 pretia,
429 297 570 321 sereno
620 296 816 333 asperam,
866 289 908 320 et
957 282 1198 333 reliquarum
1249 283 1420 320 vestium

238 359 473 397 accendunt.
529 358 599 396 sed
647 358 712 395 ille
761 358 936 395 indocilis
983 357 1082 395 caeli
1130 357 1301 408 agricola
1347 356 1420 394 hoc

239 438 394 485 signum
426 434 576 471 habeat
608 437 712 470 inter
741 447 831 470 suos
862 446 1001 483 vepres
1032 432 1278 483 humumque
1308 445 1420 470 suam

239 512 445 560 aspiciens,
480 523 569 546 curn
600 508 692 545 folia
721 508 905 545 decidere
936 508 1099 546 viderit:
1138 510 1191 545 sic
1227 507 1422 545 iudicetur

240 588 331 622 anni
350 587 579 635 temperies,
596 584 688 621 alibi
705 583 872 627 tardius,
888 583 981 620 alibi
997 586 1213 627 maturius;
1243 586 1300 620 ita
1316 587 1420 620 enim

240 663 412 697 sentitur
435 667 478 696 ut
502 659 601 696 caeli
626 659 780 710 locique
804 659 938 696 adficit
963 665 1120 703 natura,
1143 658 1263 709 idque
1286 661 1326 695 in
1349 657 1422 695 hac

240 739 394 773 ratione
410 734 615 785 praecellit
631 734 737 785 quod
754 734 896 771 eadem
913 740 955 771 et
970 737 1010 771 in
1025 734 1174 771 mundo
1189 733 1346 784 publica
1362 740 1422 771 est

240 818 280 849 et
314 813 525 861 unicuique
557 810 641 847 loeo
673 810 892 860 peculiaris.
948 812 1115 847 miretur
1145 808 1217 847 hoc
1247 812 1314 860 qui
1345 823 1422 846 non

240 889 467 924 meminerit
508 888 592 936 ipso
631 885 799 922 brumali
840 885 904 922 die
945 885 1121 935 puleium
1160 887 1200 922 in
1239 887 1423 922 carnariis

242 963 402 999 florere:
443 961 544 998 adeo
570 960 664 998 nihil
689 960 889 998 occultum
916 974 1001 998 esse
1027 967 1172 997 natura
1198 960 1342 1004 voluit;
1382 967 1424 998 et

242 1037 398 1074 serendi
417 1039 538 1087 igitur
554 1035 628 1073 hoc
645 1036 757 1073 dedit
775 1039 943 1086 signum.
999 1035 1098 1073 haee
1116 1041 1177 1073 est
1195 1049 1286 1073 vera
1304 1038 1424 1073 inter-

242 1115 416 1163 pretatio
440 1118 678 1162 argumenta
703 1118 873 1148 naturae
897 1125 1030 1148 secum
1055 1110 1254 1155 adferens,
1277 1114 1424 1162 quippe

241 1191 294 1225 sic
309 1194 458 1224 terram
474 1190 556 1236 peti
573 1186 716 1223 suadet
731 1189 1012 1237 promittitque
1027 1186 1229 1236 quandam
1242 1189 1424 1224 stercoris

242 1266 365 1300 vicem
391 1269 431 1300 et
454 1269 592 1299 contra
616 1265 763 1312 rigores
786 1268 936 1299 terram
959 1268 1149 1313 satusque
1173 1264 1314 1312 operiri
1337 1275 1360 1299 a
1382 1275 1424 1300 se

241 1342 400 1375 nuntiat
419 1352 465 1375 ac
485 1344 622 1374 monet
642 1337 843 1375 festinare.

297 1413 401 1450 LXI.
433 1413 555 1450 Varro
579 1416 618 1449 in
637 1412 756 1449 fabae
778 1415 916 1463 utique
939 1418 1028 1450 satu
1059 1412 1161 1450 hanc
1185 1413 1425 1451 observatio-

244 1503 334 1526 nem
364 1488 550 1526 custodiri
583 1490 798 1538 praecepit.
854 1488 918 1525 alii
948 1488 1067 1538 plena
1087 1488 1180 1526 luna
1200 1489 1424 1534 serendam,

243 1564 382 1601 lentim
408 1577 499 1600 vero
521 1577 543 1599 a
566 1566 750 1600 vicesima
773 1566 913 1613 quinta
934 1563 985 1601 ad
1007 1566 1262 1608 tricesimam,
1285 1566 1423 1602 viciam

243 1653 400 1690 quoque
427 1639 566 1676 iisdem
591 1638 710 1675 lunae
736 1639 899 1676 diebus:
938 1641 995 1676 ita
1020 1639 1181 1676 demum
1207 1642 1291 1677 sine
1316 1639 1425 1677 lima-

242 1715 351 1752 cibus
389 1714 485 1752 fore.
541 1714 702 1764 quidam
742 1714 876 1764 pabuli
912 1728 1032 1752 causa
1069 1718 1122 1752 sic
1160 1715 1299 1752 iubent:
1334 1718 1424 1760 seri,

240 1793 399 1827 seminis
415 1797 551 1827 autem
568 1802 671 1827 vere.

294 1866 366 1903 Est
398 1871 439 1903 et
470 1865 547 1902 alia
577 1864 825 1902 manifestior
856 1867 957 1903 ratio
987 1865 1225 1903 mirabiliore
1257 1872 1423 1904 naturae

285 2007 298 2021 ⁰
324 2003 382 2033 Im.
405 2002 464 2033 the
485 2002 555 2033 rule
577 2007 613 2033 to
635 2001 676 2033 be
696 2002 819 2043 guided
844 2001 888 2043 by
910 2001 968 2033 the
991 2002 1139 2034 westher
1159 2007 1196 2034 at
1218 2003 1276 2034 the
1296 2004 1423 2044 setting

239 2045 277 2076 os
292 2046 349 2076 the
370 2045 513 2082 Pleiade,
530 2045 545 2085 ξ
563 2045 636 2076 225.

243 2118 311 2154 33²
