1486 2359
124 799 160 829 61

396 161 561 198 PLINY
579 175 587 199 ε
636 161 782 198 NATU
790 160 899 198 RAL
937 159 1173 198 HISTORY

190 266 313 306 cicer;
344 264 384 300 id
401 266 507 300 enim
524 277 547 300 a
562 265 734 300 sementi
750 263 890 300 diebus
907 275 955 299 xt,
970 263 1185 313 perficitur.
1219 262 1371 300 milium

192 329 231 359 et
264 325 447 371 panicum
479 328 521 359 et
550 335 707 359 sesama
738 328 780 359 et
810 324 944 358 omnia
974 324 1127 359 aestiva
1156 333 1204 358 xx,
1232 322 1371 359 diebus

191 387 443 418 maturantur
458 394 480 417 a
497 381 605 424 flore,
621 393 768 431 magna
781 386 915 418 terrae
930 380 1111 431 caelique
1126 380 1350 418 differentia
1363 392 1372 424 3

190 442 229 476 in
268 441 457 490 Aegypto
497 442 602 476 enim
641 439 834 476 hordeum
872 445 988 476 sexto
1027 452 1050 475 a
1087 445 1179 476 satu
1218 452 1370 484 mense,

191 497 392 535 frumenta
407 504 592 548 septumo
609 504 830 542 metuntur,
845 500 886 534 in
903 497 1075 535 Hellade
1091 509 1147 534 vu
1163 496 1372 543 hordeum,

191 560 230 593 in
280 556 552 606 Peloponneso
601 563 757 601 octavo,
806 562 849 594 et
898 555 1101 594 frumenta
1150 559 1372 594 etiamnum

190 615 354 653 tardius.
408 629 533 666 grana
566 619 607 652 in
640 615 787 666 stipula
819 617 961 653 crinito
994 621 1114 653 textu
1147 618 1373 665 spicantur;

191 677 230 711 in
249 674 342 711 faba
361 674 708 725 leguminibusque
728 674 890 711 alternis
910 673 1103 711 lateribus
1122 673 1372 725 siliquantur.

190 733 352 770 fortiora
380 740 519 771 contra
546 733 697 771 hiemes
726 733 942 777 frumenta,
970 733 1175 783 legumina
1202 736 1243 770 in
1270 733 1372 771 cibo.

244 793 418 829 Tunicae
434 792 636 830 frumento
656 792 802 842 plures,
822 791 1016 829 hordeum
1031 794 1206 829 maxime
1222 792 1374 830 nudum

191 857 231 888 et
280 854 425 894 arinca,
472 857 534 888 set
580 854 793 901 praecipue
841 864 981 888 avena.
1034 850 1212 888 calamus
1258 850 1375 888 altior

191 910 392 947 frumento
413 923 533 960 quam
554 909 716 954 hordeo,
737 913 858 947 arista
878 910 1101 947 mordacior
1119 908 1280 947 hordeo.
1333 913 1373 947 in

191 982 284 1005 area
303 975 541 1006 exteruntur
558 972 735 1006 triticum
755 974 797 1006 et
816 968 928 1019 siligo
948 974 990 1006 et
1009 967 1225 1012 hordeum;
1257 971 1312 1006 sie
1331 975 1373 1006 et

192 1034 377 1065 seruntur
394 1041 493 1078 pura
511 1027 685 1078 qualiter
702 1027 918 1072 moluntur,
936 1030 1030 1078 quia
1046 1033 1154 1064 tosta
1171 1041 1251 1064 non
1267 1033 1371 1066 sunt.

193 1099 213 1122 (²
234 1087 388 1124 diverso
407 1086 481 1131 far,
501 1087 668 1130 milium,
687 1089 873 1137 panicum
894 1088 1055 1137 purgari
1075 1088 1147 1123 nisi
1167 1092 1275 1123 tosta
1294 1100 1373 1123 non

192 1152 378 1195 possunt;
427 1149 563 1196 itaque
600 1145 698 1182 haec
733 1159 823 1183 curn
859 1148 937 1182 suis
972 1145 1153 1182 folliculis
1187 1152 1374 1183 seruntur

191 1205 325 1241 cruda.
380 1211 420 1241 et
438 1205 499 1241 far
514 1207 553 1241 in
572 1204 764 1255 vaginulis
781 1207 859 1241 suis
876 1210 1037 1241 servant
1054 1203 1106 1241 ad
1121 1209 1233 1241 satus
1249 1210 1373 1256 atque

192 1277 269 1300 non
287 1270 453 1301 torrent.

242 1322 312 1359 XI.
344 1323 604 1360 Levissimum
649 1336 698 1360 ex
740 1321 798 1359 his
844 1322 1037 1359 hordeum
1082 1335 1169 1359 raro
1214 1322 1373 1360 excedit

192 1394 239 1418 xv
268 1382 385 1419 libras
424 1388 464 1418 et
503 1382 596 1418 faba
629 1394 723 1418 xxn.
778 1381 1035 1431 ponderosius
1069 1380 1130 1418 far
1166 1384 1373 1432 magisque

192 1444 412 1477 etiamnum
453 1444 642 1477 triticum.
697 1440 825 1477 farina
865 1443 904 1477 in
944 1441 1134 1490 Aegypto
1174 1453 1224 1477 ex
1263 1440 1373 1490 olyra

191 1500 417 1536 conficitur:
445 1502 611 1536 tertium
631 1512 756 1549 genus
777 1502 909 1548 spicae
931 1498 1003 1535 hoe
1024 1499 1077 1535 ibi
1098 1503 1171 1535 est.
1216 1498 1372 1535 Galliae

191 1572 350 1608 quoque
374 1572 488 1594 suum
512 1572 637 1607 genus
660 1557 772 1594 farris
796 1557 958 1601 dedere,
982 1557 1088 1607 quod
1111 1556 1187 1594 illic
1211 1557 1371 1595 bracem

192 1623 348 1659 vocant,
371 1618 476 1666 apud
503 1631 571 1653 nos
596 1616 859 1660 scandalam,l
885 1616 1106 1653 nitidissimi
1131 1619 1257 1667 grani.
1311 1622 1371 1653 est

192 1681 233 1712 et
247 1675 321 1711 alia
338 1675 560 1712 differentia
577 1675 682 1726 quod
697 1675 780 1711 fere
796 1677 1001 1725 quaternis
1016 1674 1122 1712 libris
1137 1674 1224 1725 plus
1240 1675 1370 1712 reddit

636 1750 647 1768 ¹
676 1749 738 1781 VJ.
756 1749 944 1782 sanda-lam.

238 1852 251 1864 ⁴¹
276 1846 382 1886 Siliqo
397 1857 465 1877 was
483 1846 605 1887 chiefly
628 1846 697 1877 eost
719 1845 954 1877 bread-wheat
976 1848 1147 1886 (common
1166 1845 1290 1885 wheat)
1308 1845 1370 1878 but

197 1890 352 1921 included
371 1889 580 1921 club-whcat
597 1890 663 1920 and
681 1889 781 1930 spelt.

237 1932 249 1952 ¹²
274 1933 383 1964 Greek
401 1933 498 1973 ὄλιιριι
517 1948 546 1957 z
567 1933 636 1971 ζειὰ
653 1932 817 1966 δίκοκκος.
858 1932 886 1963 Α
899 1932 1125 1973 two-grained
1139 1932 1261 1964 wheat.
1300 1932 1372 1964 The

195 1976 289 2006 word
305 1987 373 2007 was
392 1977 473 2007 used
490 1976 672 2016 especially
690 1975 741 2006 sor
757 1975 816 2006 the
831 1974 947 2006 hulled
964 1976 1086 2016 grains.

238 2025 248 2037 ‘
275 2019 388 2051 Hence
405 2019 534 2051 French
554 2018 692 2056 bras-ser,
710 2023 718 2035 ⁴
729 2022 767 2049 to
785 2017 873 2049 brew
885 2017 905 2049 '.

191 2083 260 2116 228
