1486 2359
148 438 185 467 18

147 759 184 788 19

144 1143 185 1174 20

410 136 602 174 PLINY:
655 136 917 173 NATURAL
954 134 1191 172 HISTORY

210 238 352 276 eodem
369 250 533 288 genere,
549 239 650 274 sicut
667 239 706 273 in
724 239 816 286 piris
833 236 909 274 alio
925 236 990 273 die
1008 235 1173 273 hiberna
1190 241 1388 286 quaerunt

210 303 373 352 pluvias.
393 302 469 338 alio
489 315 581 338 vero
600 303 823 351 praecocia,
843 306 887 337 ut
907 304 1057 350 pariter
1076 300 1238 350 quidem
1257 302 1390 337 omnia

210 367 439 404 desiderent
466 365 675 402 hibernum
702 365 893 415 tempus1
921 371 1015 401 ante
1041 366 1387 415 germinationem.

211 445 312 482 quae
343 430 568 480 aquilonem
600 436 734 467 austro
764 429 962 467 utiliorem
992 428 1088 466 facit
1116 431 1217 466 ratio
1246 428 1388 466 eadem

211 496 505 532 mediterranea
524 497 731 531 maritimis
750 493 1074 544 praefert—sunt
1094 496 1199 530 enim
1218 492 1390 543 plerum·

210 574 287 610 que
331 559 627 609 frigidiora—et
670 565 881 595 montuosa
924 557 1050 608 planis
1093 563 1134 595 et
1176 563 1389 594 nocturnos

211 624 354 661 imbres
397 624 568 660 diurnis:
625 626 752 674 magis
795 622 980 660 fruuntur
1023 624 1134 672 aquis
1176 628 1265 659 sata
1307 634 1385 658 non

210 692 346 725 statim
367 687 576 725 auferente
597 701 664 725 eas
683 687 778 724 sole.

261 753 423 789 Conexa
441 758 482 790 et
502 755 600 789 situs
618 755 821 789 vinearum
840 752 1172 801 arbustorumque
1194 753 1294 788 ratio
1314 756 1390 796 est,

210 831 307 867 quas
332 820 370 854 in
394 816 509 854 horas
533 817 710 853 debeant
735 822 931 866 spectare.
988 816 1182 866 Vergilius
1206 815 1256 852 ad
1279 829 1391 853 occa-

210 896 274 919 sus
293 884 368 918 seri
387 881 605 925 damnan't,
625 881 743 931 aliqui
764 884 818 917 sic
838 880 1015 917 maluere
1035 893 1156 930 quam
1175 883 1214 917 in
1233 886 1390 924 exortu,

210 959 232 982 a
261 946 436 995 pluribus
466 945 673 982 meridiem
702 945 858 995 probari
889 945 1077 988 adverto;
1120 957 1194 982 nec
1222 944 1390 981 arbitror

211 1016 451 1060 perpetuum
477 1013 689 1060 quicquam
714 1012 753 1046 in
778 1009 852 1046 hoc
876 1011 1051 1059 praecipi
1077 1008 1295 1059 posse—ad
1319 1008 1389 1046 soli

211 1080 408 1118 naturam,
433 1074 483 1111 ad
506 1074 580 1111 loci
606 1076 825 1124 ingenium,
850 1073 900 1110 ad
923 1073 1023 1111 caeli
1047 1075 1238 1123 cuiusque
1261 1086 1390 1110 mores

210 1138 417 1187 dirigenda
448 1138 623 1175 sollertia
655 1145 727 1175 est.
783 1141 821 1175 in
852 1137 988 1174 Africa
1018 1137 1225 1175 meridiem
1256 1139 1391 1175 vinaes

210 1209 392 1252 spectare
406 1209 447 1239 et
461 1205 529 1239 viti
544 1202 683 1239 inutile
696 1209 738 1239 et
749 1202 890 1240 colono
902 1202 1102 1239 insalubre
1115 1209 1190 1247 est,
1204 1205 1390 1252 quoniam

210 1270 293 1316 ipsa
319 1267 564 1304 meridianae
589 1267 769 1304 subiacet
795 1267 953 1317 plagae,
979 1273 1224 1316 quapropter
1246 1267 1299 1304 ibi
1324 1269 1390 1317 qui

211 1334 248 1368 in
269 1345 450 1368 occasum
473 1337 543 1368 aut
563 1334 859 1381 septentriones
879 1338 1063 1368 conseret
1083 1334 1233 1381 optime
1254 1334 1391 1369 misce-

211 1396 267 1433 bit
300 1396 426 1433 solum
457 1396 581 1433 caelo,
635 1409 724 1433 cum
758 1395 953 1446 Vergilius
985 1409 1148 1433 occasus
1180 1397 1392 1446 improbet,

211 1474 282 1497 nee
329 1461 379 1497 de
427 1463 701 1510 septentrione
751 1460 917 1510 relinqui
966 1460 1165 1497 dubitatio
1213 1460 1392 1504 videtum

211 1527 321 1575 atqui
356 1528 394 1561 in
428 1525 667 1574 subalpina²
703 1524 820 1562 Italia
854 1538 1001 1575 magna
1035 1538 1084 1561 cx
1118 1530 1235 1574 parte
1268 1527 1392 1562 vineis

210 1592 266 1626 ita
305 1592 442 1638 positis
481 1595 732 1638 compertum
773 1595 834 1626 est
874 1589 1000 1625 nullas
1040 1602 1127 1626 esse
1167 1588 1389 1627 fertiliores.

210 1653 378 1690 multum
411 1656 573 1690 rationis
604 1656 790 1703 optinent
821 1659 864 1690 et
894 1656 1014 1690 venti.
1070 1657 1109 1690 in
1142 1653 1391 1691 Narbonensi

208 1720 406 1767 provincia
442 1724 563 1768 atque
602 1717 763 1768 Liguria
799 1724 840 1755 et
877 1724 992 1767 parte
1030 1718 1216 1755 Etruriae
1250 1724 1390 1756 contra

262 1828 273 1847 ¹
298 1827 360 1859 Ian
380 1841 386 1858 ε
412 1833 547 1869 tempus
563 1832 615 1859 est
634 1832 783 1869 (tempus
799 1834 851 1859 set
869 1828 1047 1869 Mayltoff).

259 1870 271 1889 ²
294 1871 499 1912 subalpina?
526 1871 699 1912 ,llayhossz
727 1871 889 1912 cisalpina
907 1871 1085 1912 (cisalpina
1103 1870 1213 1904 Gallia
1229 1871 1367 1913 Strack).

359 1993 374 2008 ‘¹
398 1989 416 2020 1
421 1999 456 2021 .e.
474 1989 531 2020 the
548 1993 636 2021 trees
652 2000 698 2030 up
716 1989 823 2021 which
840 1988 898 2021 the
915 1989 1009 2020 vines
1025 1999 1082 2020 are
1098 1988 1241 2021 trained.

210 2062 252 2093 14
