1486 2359
157 240 176 270 9

135 856 145 885 l
153 859 173 886 0

138 1288 169 1318 ll

402 130 486 167 PLl
497 132 566 167 ΝΥ
582 145 590 167 :
644 130 906 168 NATURAL
943 129 1178 167 HIS'I'ORY

197 248 312 283 poma
343 234 582 283 pauperibus
612 239 883 270 nascerentur.
937 246 1041 270 nunc
1070 245 1166 282 ergo
1195 231 1375 270 dicemus

196 309 367 345 quonam
420 298 592 332 maxime
638 295 757 332 modo
800 301 960 332 tantum
1006 307 1054 331 ex
1100 293 1159 330 his
1205 293 1375 343 vectigal

195 360 418 407 contingat,
460 370 592 393 veram
635 356 790 393 colendi
832 359 1027 393 rationem
1071 355 1375 405 absolutamque

199 419 404 466 prodituri,
428 425 468 455 ct
492 418 583 456 ideo
606 432 683 455 non
709 418 867 468 volgata
890 418 1152 455 tractabimus
1175 430 1250 454 nec
1273 429 1376 467 quae

197 487 380 517 mustum
405 483 536 517 animo
559 480 815 524 advertimus,
839 480 909 517 sed
933 482 1086 516 incerta
1110 485 1233 529 atque
1257 478 1378 516 dubia

198 545 235 578 in
272 543 414 591 quibus
450 545 623 579 maxime
660 542 810 578 fallitur
844 544 947 585 vita;
997 555 1090 578 nam
1126 540 1377 593 diligentiam

197 607 447 653 supervacuis
471 603 676 641 adfectare
702 617 779 641 non
801 610 978 640 nostrum
999 609 1072 640 est.
1127 609 1221 640 ante
1246 604 1378 639 omnia

197 672 332 702 autem
361 666 414 715 [in
443 669 668 702 universum
696 667 753 714 et]
776 666 788 689 ¹
815 679 918 715 quac
947 665 996 701 ad
1022 670 1168 702 cuncta
1194 664 1378 701 arborum

197 740 345 776 genera
383 730 588 776 portinent
626 730 665 763 in
702 740 913 764 commune
951 726 1002 764 de
1040 726 1153 763 caelo
1189 732 1378 776 terraque

201 789 390 825 dim-mua.

252 851 301 886 Il.
332 851 529 900 Aquilone
547 853 719 888 maxime
734 851 929 900 gaudent,
944 850 1148 888 densiores
1163 850 1213 887 ab
1228 849 1378 887 adflatu

199 915 281 949 eius
316 912 581 962 laetioresque
616 919 657 949 ct
690 916 862 950 materie
897 913 1098 949 firmiores.
1154 925 1233 962 qua
1265 914 1303 949 in
1336 925 1378 949 re

199 974 376 1023 plerique
399 974 602 1019 falluntur,
621 988 710 1012 cum
731 977 770 1011 in
790 977 914 1012 vineis
935 974 1183 1024 pedamenta
1202 987 1281 1011 non
1300 976 1379 1011 sint

199 1049 220 1071 a
249 1042 368 1072 vento
394 1050 442 1072 eo
468 1036 707 1086 opponenda
734 1042 774 1074 et
802 1037 840 1073 id
866 1042 1026 1073 tantum
1053 1050 1076 1073 a
1101 1038 1378 1086 septentrione

199 1097 450 1134 servandum.
506 1101 599 1148 quin
640 1101 760 1135 immo
797 1101 1039 1148 tempestiva
1078 1097 1225 1149 frigora
1261 1097 1379 1148 pluri-

199 1173 306 1195 mum
349 1160 532 1196 arborum
576 1160 755 1197 firmitati
796 1159 1009 1197 conferunt
1049 1166 1091 1197 et
1132 1162 1186 1196 sic
1227 1162 1378 1210 optime

198 1224 439 1270 germinant,
482 1222 641 1272 alioqui,
684 1225 714 1258 si
756 1221 1016 1259 blandiantur
1057 1224 1194 1267 austri,
1235 1220 1380 1259 defeti-

200 1290 373 1327 scentes,
403 1297 447 1320 ac
477 1287 603 1333 magis
633 1287 755 1321 ctiam
785 1286 823 1320 in
852 1284 960 1321 flore.
1015 1297 1106 1321 nam
1135 1286 1166 1321 Si
1194 1297 1284 1321 cum
1311 1283 1380 1321 de-

202 1344 370 1381 floruere
399 1348 578 1394 protinus
606 1352 825 1395 sequantur
851 1346 1010 1391 imbres,
1037 1348 1076 1383 in
1103 1351 1235 1383 totum
1262 1359 1381 1396 poma

199 1406 438 1455 depereunt.
477 1408 580 1444 adeo
620 1414 662 1444 ut
703 1407 942 1458 amygdalae
981 1413 1023 1445 et
1061 1410 1148 1457 piri,
1187 1410 1309 1445 etiam
1347 1410 1378 1445 si

200 1471 360 1505 omnino
400 1469 577 1506 nubilum
618 1469 690 1506 fuit
731 1473 979 1507 austrinusve
1019 1469 1150 1514 flatus,
1189 1472 1381 1507 amittant

202 1529 320 1566 setus.
376 1533 476 1567 circa
507 1531 688 1581 vergilias
717 1531 876 1581 quidem
906 1531 1043 1581 pluere
1071 1533 1379 1569 inimicissimum

203 1594 270 1628 viti
301 1598 341 1629 ot
371 1592 499 1637 oleae,
529 1596 714 1643 quoniam
744 1599 829 1630 tum
859 1596 985 1631 coitus
1014 1599 1075 1630 est
1104 1605 1264 1637 earum3
1306 1592 1381 1630 hoc

202 1659 261 1689 est
285 1653 378 1691 illud
401 1655 666 1704 quadriduum
689 1655 785 1692 oleis
807 1655 1089 1700 decretorium,
1110 1654 1172 1692 hic
1193 1655 1382 1693 articulus

201 1718 399 1752 austrinus
418 1716 539 1753 nubili
558 1719 687 1766 spurci
706 1717 811 1767 quod
829 1717 1012 1754 diximus.
1068 1716 1202 1768 fruges
1220 1730 1379 1767 quoque

201 1779 312 1826 peius
353 1784 628 1816 maturescunt
670 1781 854 1816 austrinis
895 1779 1049 1823 diebus,
1087 1779 1157 1816 sed
1200 1778 1379 1816 celerius.

664 1851 673 1870 ¹
701 1852 781 1882 Secl.
801 1850 962 1891 Mayhoss.

247 1924 261 1938 ·
283 1919 364 1951 This
377 1930 488 1952 comes
503 1921 587 1952 from
600 1920 856 1963 Theophrastus
869 1921 935 1952 and
951 1901 977 1953 is
990 1902 1181 1963 applicuble
1194 1925 1231 1953 to
1244 1922 1380 1957 Greece.

207 1965 266 2024 no}
282 1961 402 2037 {seltz-⁰
418 2005 484 2036 ond
502 2006 536 2037 oi
552 2006 679 2048 spring.

202 2052 223 2087 8
