1486 2359
611 569 817 615 LIBER
870 568 994 615 XIX

266 683 296 720 I.
327 682 510 720 Sim-:num
528 683 689 734 quidem
705 684 716 706 ¹
733 689 1104 733 tempestatumque
1127 687 1228 720 ratio
1245 684 1305 721 vel
1327 688 1396 722 im—

215 745 350 792 peritis
370 742 492 779 facilis
509 742 524 765 ²
544 749 666 792 atque
692 743 919 779 indubitata
934 743 949 766 ³
976 743 1093 780 modo
1123 743 1398 781 demonstrata

215 808 273 838 est
290 815 298 845 ;
320 815 491 851 vereque
505 801 832 851 intellegentibus
846 815 924 838 non
938 805 1066 839 minus
1079 802 1291 839 conferunt
1306 816 1395 840 rura

214 860 552 909 deprehendendo
585 861 696 898 caelo
731 874 851 910 quam
886 861 1063 898 sideralis
1098 864 1264 898 scientia
1301 875 1397 912 agro

214 920 391 957 colendo.
448 923 667 969 proximam
699 920 812 956 multi
844 919 1048 956 hortorum
1079 934 1214 957 curam
1245 920 1399 965 fecere;

169 984 187 1014 2
215 980 325 1015 nobis
365 992 441 1015 non
482 982 660 1028 protinus
699 982 867 1016 transire
907 979 956 1015 ad
997 982 1072 1016 ista
1112 983 1397 1029 tempestivum

216 1038 386 1081 videtur,
402 1041 670 1088 miramurque
695 1038 845 1088 aliquos
866 1041 1058 1076 scientiae
1078 1042 1250 1089 gratiam
1271 1039 1399 1077 erudi-

214 1100 383 1134 tionisve
397 1097 562 1147 gloriam
579 1110 627 1134 ex
644 1096 702 1134 his
718 1103 905 1147 petentes
920 1103 1005 1134 tam
1020 1097 1147 1134 multa
1161 1101 1400 1148 praeterisse

216 1156 321 1192 nulla
337 1159 540 1193 mentione
557 1155 696 1193 habita
711 1163 772 1193 tot
789 1170 921 1193 rerurn
943 1163 1086 1206 sponte
1101 1170 1246 1194 curave
1262 1170 1400 1208 prove-

218 1218 425 1255 nientium.
462 1219 696 1265 praesertim
733 1229 822 1252 cum
860 1215 1059 1266 plerisque
1097 1229 1234 1253 earum
1271 1220 1400 1266 pretio

217 1288 368 1324 usuque
390 1277 495 1311 vitae
517 1277 640 1311 maior
656 1278 778 1311 etiam
801 1288 921 1324 quam
942 1275 1121 1325 frugibus
1143 1274 1400 1325 perhibeatur

216 1336 443 1370 auctoritas.
483 1340 620 1383 atque,
639 1340 682 1370 ut
702 1333 926 1371 aconfessis
945 1334 1145 1371 ordiamur
1159 1335 1399 1372 utilitatibus

217 1406 400 1442 quaeque
422 1406 499 1428 non
520 1393 645 1429 solum
667 1399 794 1429 terras
815 1406 952 1430 omnes
973 1406 1111 1430 verum
1132 1396 1256 1430 etiam
1276 1397 1399 1431 maria

218 1452 433 1500 replevere,
462 1455 605 1488 seritur
633 1465 678 1488 ac
706 1452 781 1488 dici
812 1465 942 1502 neque
972 1455 1076 1489 inter
1105 1452 1238 1502 fruges
1268 1467 1398 1504 neque

170 1516 188 1546 3
217 1513 320 1546 inter
336 1510 535 1547 hortensia
557 1517 689 1560 potest
711 1511 857 1554 linum;
887 1511 957 1548 sed
978 1515 1017 1548 in
1033 1525 1111 1561 qua
1128 1525 1206 1548 non
1220 1519 1399 1550 occurret

219 1572 322 1605 vitae
351 1576 479 1619 parte,
507 1570 662 1619 quodve
691 1570 923 1607 miraculum
952 1573 1092 1613 maius,
1120 1570 1284 1608 herbam
1313 1584 1399 1608 esse

217 1642 320 1678 quae
361 1629 572 1665 admoveat
616 1630 849 1679 Aegyptum
894 1629 1034 1666 Italiae
1075 1633 1114 1666 in
1154 1636 1313 1667 tantum
1355 1637 1400 1667 ut

217 1687 397 1724 Galerius
431 1702 453 1723 a
486 1687 589 1724 freto
621 1687 775 1724 Siciliae,
810 1688 1094 1725 Alexandriam
1133 1693 1303 1738 septimo
1335 1689 1399 1727 die

217 1749 456 1795 pervenerit,
485 1746 671 1783 Balbillus·
700 1753 829 1791 sexto,
858 1749 976 1784 ambo
1005 1748 1214 1797 praefecti,
1243 1754 1399 1786 aestate

578 1828 588 1847 ¹
614 1828 814 1859 Firmianum
840 1838 986 1868 quoque.

578 1871 590 1889 ²
613 1870 720 1901 facilis
733 1874 746 1901 ’ἰ
766 1871 941 1911 Mayltoss:
967 1871 1066 1903 sacili.

574 1914 586 1932 ⁸
612 1913 807 1954 ?Mayhoff:
835 1914 1041 1946 indubitato.

305 2043 318 2056 ‘¹
340 2037 421 2068 This
438 2037 539 2068 refers
555 2042 592 2069 to
609 2037 917 2075 kitvhen-gardens,
935 2042 996 2069 not
1013 2043 1050 2070 to
1068 2039 1352 2080 [lower-gardens.

303 2082 314 2097 '²
340 2081 397 2112 l.e.
414 2081 494 2111 sans
511 2091 566 2111 are
583 2081 682 2112 made
700 2080 785 2112 from
803 2082 841 2112 it„

214 2154 286 2185 420
