<?xml version="1.0" encoding="UTF-8"?>
<!DOCTYPE html PUBLIC "-//W3C//DTD XHTML 1.0 Transitional//EN"
    "http://www.w3.org/TR/xhtml1/DTD/xhtml1-transitional.dtd">
<html xmlns="http://www.w3.org/1999/xhtml" xml:lang="en" lang="en">
 <head>
  <title>
</title>
<meta http-equiv="Content-Type" content="text/html;charset=utf-8" />
  <meta name='ocr-system' content='tesseract 3.04.00' />
  <meta name='ocr-capabilities' content='ocr_page ocr_carea ocr_par ocr_line ocrx_word'/>
</head>
<body>
  <div class='ocr_page' id='page_1' title='image "./naturalhistory05plinuoft/naturalhistory05plinuoft_0464.png"; bbox 0 0 1486 2359; ppageno 0'>
   <div class='ocr_carea' id='block_1_1' title="bbox 181 585 223 616">
    <p class='ocr_par' dir='ltr' id='par_1_1' title="bbox 181 585 223 616">
     <span class='ocr_line' id='line_1_1' title="bbox 181 585 223 616; baseline 0.048 -2"><span class='ocrx_word' id='word_1_1' title='bbox 181 585 223 616; x_wconf 85' lang='lat'><strong>48</strong></span> 
     </span>
    </p>
   </div>
   <div class='ocr_carea' id='block_1_2' title="bbox 180 1174 221 1205">
    <p class='ocr_par' dir='ltr' id='par_1_2' title="bbox 180 1174 221 1205">
     <span class='ocr_line' id='line_1_2' title="bbox 180 1174 221 1205; baseline 0.049 -2"><span class='ocrx_word' id='word_1_2' title='bbox 180 1174 221 1205; x_wconf 79' lang='lat'><strong>49</strong></span> 
     </span>
    </p>
   </div>
   <div class='ocr_carea' id='block_1_3' title="bbox 454 155 1222 194">
    <p class='ocr_par' dir='ltr' id='par_1_3' title="bbox 454 155 1222 194">
     <span class='ocr_line' id='line_1_3' title="bbox 454 155 1222 194; baseline 0.003 -2"><span class='ocrx_word' id='word_1_3' title='bbox 454 155 644 193; x_wconf 85' lang='lat' dir='ltr'>PLINY:</span> <span class='ocrx_word' id='word_1_4' title='bbox 685 156 831 193; x_wconf 84' lang='lat' dir='ltr'><strong>NATU</strong></span> <span class='ocrx_word' id='word_1_5' title='bbox 840 156 948 193; x_wconf 82' lang='lat' dir='ltr'><strong>RAL</strong></span> <span class='ocrx_word' id='word_1_6' title='bbox 985 156 1222 194; x_wconf 88' lang='lat' dir='ltr'>HISTORY</span> 
     </span>
    </p>
   </div>
   <div class='ocr_carea' id='block_1_4' title="bbox 247 259 1433 1436">
    <p class='ocr_par' dir='ltr' id='par_1_4' title="bbox 247 259 1433 1436">
     <span class='ocr_line' id='line_1_4' title="bbox 247 259 1430 309; baseline 0.003 -14"><span class='ocrx_word' id='word_1_7' title='bbox 247 259 360 296; x_wconf 86' lang='lat' dir='ltr'><strong>rubia</strong></span> <span class='ocrx_word' id='word_1_8' title='bbox 389 259 619 309; x_wconf 88' lang='lat' dir='ltr'><strong>tinguendis</strong></span> <span class='ocrx_word' id='word_1_9' title='bbox 646 259 744 296; x_wconf 87' lang='lat' dir='ltr'><strong>lanis</strong></span> <span class='ocrx_word' id='word_1_10' title='bbox 766 266 807 297; x_wconf 88' lang='lat' dir='ltr'><strong>et</strong></span> <span class='ocrx_word' id='word_1_11' title='bbox 827 263 940 297; x_wconf 89' lang='lat' dir='ltr'><strong>coriis</strong></span> <span class='ocrx_word' id='word_1_12' title='bbox 962 263 1206 298; x_wconf 89' lang='lat' dir='ltr'><strong>necessaria:</strong></span> <span class='ocrx_word' id='word_1_13' title='bbox 1238 260 1430 298; x_wconf 86' lang='lat' dir='ltr'><strong>laudatis-</strong></span> 
     </span>
     <span class='ocr_line' id='line_1_5' title="bbox 248 312 1431 364; baseline 0.003 -15"><span class='ocrx_word' id='word_1_14' title='bbox 248 316 347 349; x_wconf 88' lang='lat' dir='ltr'><strong>sima</strong></span> <span class='ocrx_word' id='word_1_15' title='bbox 377 312 515 350; x_wconf 86' lang='lat' dir='ltr'><strong>Italica</strong></span> <span class='ocrx_word' id='word_1_16' title='bbox 543 319 584 350; x_wconf 93' lang='lat' dir='ltr'><strong>et</strong></span> <span class='ocrx_word' id='word_1_17' title='bbox 611 316 784 351; x_wconf 83' lang='lat' dir='ltr'>maxime</span> <span class='ocrx_word' id='word_1_18' title='bbox 811 314 1055 357; x_wconf 85' lang='lat' dir='ltr'><strong>suburbana,</strong></span> <span class='ocrx_word' id='word_1_19' title='bbox 1075 319 1118 351; x_wconf 84' lang='lat' dir='ltr'><strong>et</strong></span> <span class='ocrx_word' id='word_1_20' title='bbox 1140 327 1277 351; x_wconf 90' lang='lat' dir='ltr'><strong>omnes</strong></span> <span class='ocrx_word' id='word_1_21' title='bbox 1302 327 1431 364; x_wconf 85' lang='lat' dir='ltr'><strong>paene</strong></span> 
     </span>
     <span class='ocr_line' id='line_1_6' title="bbox 248 369 1431 418; baseline 0.003 -16"><span class='ocrx_word' id='word_1_22' title='bbox 248 369 472 416; x_wconf 83' lang='lat' dir='ltr'><strong>provinciae</strong></span> <span class='ocrx_word' id='word_1_23' title='bbox 507 373 665 403; x_wconf 80' lang='lat' dir='ltr'>scatent</span> <span class='ocrx_word' id='word_1_24' title='bbox 699 380 761 404; x_wconf 88' lang='lat' dir='ltr'><strong>ea.</strong></span> <span class='ocrx_word' id='word_1_25' title='bbox 815 373 957 417; x_wconf 85' lang='lat' dir='ltr'><strong>sponte</strong></span> <span class='ocrx_word' id='word_1_26' title='bbox 992 370 1174 417; x_wconf 89' lang='lat' dir='ltr'><strong>provenit</strong></span> <span class='ocrx_word' id='word_1_27' title='bbox 1207 371 1431 418; x_wconf 84' lang='lat' dir='ltr'>seriturque</span> 
     </span>
     <span class='ocr_line' id='line_1_7' title="bbox 247 420 1429 470; baseline 0.003 -15"><span class='ocrx_word' id='word_1_28' title='bbox 247 420 506 456; x_wconf 84' lang='lat' dir='ltr'><strong>similitudine</strong></span> <span class='ocrx_word' id='word_1_29' title='bbox 527 420 700 464; x_wconf 83' lang='lat' dir='ltr'><strong>erviliae,</strong></span> <span class='ocrx_word' id='word_1_30' title='bbox 721 433 857 457; x_wconf 88' lang='lat' dir='ltr'><strong>verum</strong></span> <span class='ocrx_word' id='word_1_31' title='bbox 886 424 1050 470; x_wconf 82' lang='lat' dir='ltr'><strong>spinosis</strong></span> <span class='ocrx_word' id='word_1_32' title='bbox 1072 421 1173 458; x_wconf 83' lang='lat' dir='ltr'><strong>foliis</strong></span> <span class='ocrx_word' id='word_1_33' title='bbox 1189 421 1203 444; x_wconf 80' lang='lat'>¹</span> <span class='ocrx_word' id='word_1_34' title='bbox 1233 427 1276 458; x_wconf 92' lang='lat' dir='ltr'><strong>et</strong></span> <span class='ocrx_word' id='word_1_35' title='bbox 1303 421 1429 459; x_wconf 86' lang='lat' dir='ltr'><strong>caule.</strong></span> 
     </span>
     <span class='ocr_line' id='line_1_8' title="bbox 249 472 1430 524; baseline 0.002 -14"><span class='ocrx_word' id='word_1_36' title='bbox 249 473 499 523; x_wconf 84' lang='lat' dir='ltr'><strong>geniculatus</strong></span> <span class='ocrx_word' id='word_1_37' title='bbox 518 472 579 511; x_wconf 90' lang='lat' dir='ltr'><strong>hic</strong></span> <span class='ocrx_word' id='word_1_38' title='bbox 598 480 659 511; x_wconf 90' lang='lat' dir='ltr'><strong>est</strong></span> <span class='ocrx_word' id='word_1_39' title='bbox 678 477 806 524; x_wconf 86' lang='lat' dir='ltr'><strong>quinis</strong></span> <span class='ocrx_word' id='word_1_40' title='bbox 823 477 924 511; x_wconf 85' lang='lat' dir='ltr'><strong>circa</strong></span> <span class='ocrx_word' id='word_1_41' title='bbox 943 474 1129 511; x_wconf 79' lang='lat' dir='ltr'><strong>articulos</strong></span> <span class='ocrx_word' id='word_1_42' title='bbox 1147 477 1186 511; x_wconf 92' lang='lat' dir='ltr'><strong>in</strong></span> <span class='ocrx_word' id='word_1_43' title='bbox 1204 475 1299 512; x_wconf 89' lang='lat' dir='ltr'><strong>orbe</strong></span> <span class='ocrx_word' id='word_1_44' title='bbox 1317 475 1430 512; x_wconf 87' lang='lat' dir='ltr'><strong>foliis.</strong></span> 
     </span>
     <span class='ocr_line' id='line_1_9' title="bbox 249 527 1432 577; baseline 0.002 -14"><span class='ocrx_word' id='word_1_45' title='bbox 249 540 387 563; x_wconf 89' lang='lat' dir='ltr'><strong>semen</strong></span> <span class='ocrx_word' id='word_1_46' title='bbox 409 529 491 563; x_wconf 88' lang='lat' dir='ltr'><strong>eius</strong></span> <span class='ocrx_word' id='word_1_47' title='bbox 524 556 532 564; x_wconf 91' lang='lat'><strong>.</strong></span> <span class='ocrx_word' id='word_1_48' title='bbox 564 557 572 564; x_wconf 89' lang='lat'><strong>.</strong></span> <span class='ocrx_word' id='word_1_49' title='bbox 603 527 630 564; x_wconf 84' lang='lat'><strong>.²</strong></span> <span class='ocrx_word' id='word_1_50' title='bbox 646 528 764 564; x_wconf 81' lang='lat' dir='ltr'><strong>rubra</strong></span> <span class='ocrx_word' id='word_1_51' title='bbox 780 528 796 551; x_wconf 81' lang='lat'><strong>³</strong></span> <span class='ocrx_word' id='word_1_52' title='bbox 816 533 890 564; x_wconf 86' lang='lat' dir='ltr'><strong>est.</strong></span> <span class='ocrx_word' id='word_1_53' title='bbox 945 541 1043 577; x_wconf 89' lang='lat' dir='ltr'><strong>quos</strong></span> <span class='ocrx_word' id='word_1_54' title='bbox 1064 531 1102 564; x_wconf 90' lang='lat' dir='ltr'><strong>in</strong></span> <span class='ocrx_word' id='word_1_55' title='bbox 1123 528 1321 565; x_wconf 86' lang='lat' dir='ltr'><strong>medicina</strong></span> <span class='ocrx_word' id='word_1_56' title='bbox 1339 542 1432 566; x_wconf 91' lang='lat' dir='ltr'><strong>usus</strong></span> 
     </span>
     <span class='ocr_line' id='line_1_10' title="bbox 249 579 1433 632; baseline 0.003 -16"><span class='ocrx_word' id='word_1_57' title='bbox 249 579 399 617; x_wconf 82' lang='lat' dir='ltr'><strong>habeat</strong></span> <span class='ocrx_word' id='word_1_58' title='bbox 422 581 599 618; x_wconf 87' lang='lat' dir='ltr'><strong>dicemus</strong></span> <span class='ocrx_word' id='word_1_59' title='bbox 627 595 698 618; x_wconf 88' lang='lat' dir='ltr'><strong>suo</strong></span> <span class='ocrx_word' id='word_1_60' title='bbox 721 581 819 618; x_wconf 91' lang='lat' dir='ltr'><strong>loco.</strong></span> <span class='ocrx_word' id='word_1_61' title='bbox 873 581 1026 618; x_wconf 76' lang='lat' dir='ltr'><strong>XVIII.</strong></span> <span class='ocrx_word' id='word_1_62' title='bbox 1058 582 1113 618; x_wconf 91' lang='lat' dir='ltr'><strong>At</strong></span> <span class='ocrx_word' id='word_1_63' title='bbox 1142 595 1246 632; x_wconf 88' lang='lat' dir='ltr'><strong>quae</strong></span> <span class='ocrx_word' id='word_1_64' title='bbox 1270 588 1433 619; x_wconf 87' lang='lat' dir='ltr'><strong>vocatur</strong></span> 
     </span>
     <span class='ocr_line' id='line_1_11' title="bbox 248 634 1430 678; baseline 0.002 -8"><span class='ocrx_word' id='word_1_65' title='bbox 248 634 425 671; x_wconf 86' lang='lat' dir='ltr'><strong>radicula</strong></span> <span class='ocrx_word' id='word_1_66' title='bbox 453 634 630 672; x_wconf 77' lang='lat' dir='ltr'><strong>lavandis</strong></span> <span class='ocrx_word' id='word_1_67' title='bbox 659 635 821 672; x_wconf 89' lang='lat' dir='ltr'><strong>demum</strong></span> <span class='ocrx_word' id='word_1_68' title='bbox 853 635 949 671; x_wconf 74' lang='lat' dir='ltr'><strong>lanis</strong></span> <span class='ocrx_word' id='word_1_69' title='bbox 971 648 1107 672; x_wconf 87' lang='lat' dir='ltr'><strong>sucum</strong></span> <span class='ocrx_word' id='word_1_70' title='bbox 1130 634 1268 678; x_wconf 86' lang='lat' dir='ltr'><strong>habet,</strong></span> <span class='ocrx_word' id='word_1_71' title='bbox 1289 638 1430 672; x_wconf 87' lang='lat' dir='ltr'><strong>mirum</strong></span> 
     </span>
     <span class='ocr_line' id='line_1_12' title="bbox 251 687 1433 739; baseline 0.002 -15"><span class='ocrx_word' id='word_1_72' title='bbox 251 693 446 737; x_wconf 90' lang='lat' dir='ltr'><strong>quantum</strong></span> <span class='ocrx_word' id='word_1_73' title='bbox 479 687 688 725; x_wconf 89' lang='lat' dir='ltr'><strong>conferens</strong></span> <span class='ocrx_word' id='word_1_74' title='bbox 723 688 885 725; x_wconf 86' lang='lat' dir='ltr'><strong>candori</strong></span> <span class='ocrx_word' id='word_1_75' title='bbox 918 688 1203 739; x_wconf 87' lang='lat' dir='ltr'><strong>mollitiaeque.</strong></span> <span class='ocrx_word' id='word_1_76' title='bbox 1258 691 1433 726; x_wconf 85' lang='lat' dir='ltr'><strong>nascitur</strong></span> 
     </span>
     <span class='ocr_line' id='line_1_13' title="bbox 248 741 1431 793; baseline 0.002 -16"><span class='ocrx_word' id='word_1_77' title='bbox 248 744 375 778; x_wconf 84' lang='lat' dir='ltr'><strong>sativa</strong></span> <span class='ocrx_word' id='word_1_78' title='bbox 396 741 559 791; x_wconf 89' lang='lat' dir='ltr'><strong>ubique,</strong></span> <span class='ocrx_word' id='word_1_79' title='bbox 574 742 647 779; x_wconf 91' lang='lat' dir='ltr'><strong>sed</strong></span> <span class='ocrx_word' id='word_1_80' title='bbox 665 748 809 792; x_wconf 91' lang='lat' dir='ltr'><strong>sponte</strong></span> <span class='ocrx_word' id='word_1_81' title='bbox 824 745 1039 792; x_wconf 83' lang='lat' dir='ltr'><strong>praecipua</strong></span> <span class='ocrx_word' id='word_1_82' title='bbox 1055 745 1095 779; x_wconf 90' lang='lat' dir='ltr'><strong>in</strong></span> <span class='ocrx_word' id='word_1_83' title='bbox 1111 744 1207 779; x_wconf 88' lang='lat' dir='ltr'><strong>Asia</strong></span> <span class='ocrx_word' id='word_1_84' title='bbox 1223 741 1431 793; x_wconf 80' lang='lat' dir='ltr'><strong>Syriaque,</strong></span> 
     </span>
     <span class='ocr_line' id='line_1_14' title="bbox 247 795 1431 846; baseline 0.002 -15"><span class='ocrx_word' id='word_1_85' title='bbox 247 797 397 832; x_wconf 88' lang='lat' dir='ltr'><strong>saxosis</strong></span> <span class='ocrx_word' id='word_1_86' title='bbox 418 801 460 832; x_wconf 89' lang='lat' dir='ltr'><strong>et</strong></span> <span class='ocrx_word' id='word_1_87' title='bbox 476 798 624 845; x_wconf 85' lang='lat' dir='ltr'><strong>asperis</strong></span> <span class='ocrx_word' id='word_1_88' title='bbox 644 795 752 839; x_wconf 84' lang='lat' dir='ltr'><strong>locis,</strong></span> <span class='ocrx_word' id='word_1_89' title='bbox 764 801 875 832; x_wconf 84' lang='lat' dir='ltr'><strong>trans</strong></span> <span class='ocrx_word' id='word_1_90' title='bbox 893 795 1127 846; x_wconf 80' lang='lat' dir='ltr'><strong>Euphraten</strong></span> <span class='ocrx_word' id='word_1_91' title='bbox 1142 802 1280 833; x_wconf 89' lang='lat' dir='ltr'><strong>tamen</strong></span> <span class='ocrx_word' id='word_1_92' title='bbox 1296 795 1431 833; x_wconf 86' lang='lat' dir='ltr'><strong>lauda-</strong></span> 
     </span>
     <span class='ocr_line' id='line_1_15' title="bbox 248 848 1432 901; baseline 0.001 -16"><span class='ocrx_word' id='word_1_93' title='bbox 248 851 429 891; x_wconf 83' lang='lat' dir='ltr'><strong>tissuma,</strong></span> <span class='ocrx_word' id='word_1_94' title='bbox 447 849 560 886; x_wconf 90' lang='lat' dir='ltr'><strong>caule</strong></span> <span class='ocrx_word' id='word_1_95' title='bbox 586 848 802 893; x_wconf 88' lang='lat' dir='ltr'><strong>ferulaceo,</strong></span> <span class='ocrx_word' id='word_1_96' title='bbox 821 852 934 886; x_wconf 87' lang='lat' dir='ltr'><strong>tenui</strong></span> <span class='ocrx_word' id='word_1_97' title='bbox 964 855 1006 886; x_wconf 91' lang='lat' dir='ltr'><strong>et</strong></span> <span class='ocrx_word' id='word_1_98' title='bbox 1036 852 1134 899; x_wconf 81' lang='lat' dir='ltr'><strong>ipso,</strong></span> <span class='ocrx_word' id='word_1_99' title='bbox 1153 849 1251 886; x_wconf 89' lang='lat' dir='ltr'><strong>cibis</strong></span> <span class='ocrx_word' id='word_1_100' title='bbox 1281 849 1432 901; x_wconf 88' lang='lat' dir='ltr'><strong>indige-</strong></span> 
     </span>
     <span class='ocr_line' id='line_1_16' title="bbox 249 903 1432 953; baseline 0.002 -15"><span class='ocrx_word' id='word_1_101' title='bbox 249 915 390 939; x_wconf 88' lang='lat' dir='ltr'><strong>narum</strong></span> <span class='ocrx_word' id='word_1_102' title='bbox 411 905 593 952; x_wconf 83' lang='lat' dir='ltr'><strong>expetito</strong></span> <span class='ocrx_word' id='word_1_103' title='bbox 609 909 679 939; x_wconf 88' lang='lat' dir='ltr'><strong>aut</strong></span> <span class='ocrx_word' id='word_1_104' title='bbox 691 903 708 926; x_wconf 81' lang='lat'><strong>⁴</strong></span> <span class='ocrx_word' id='word_1_105' title='bbox 727 905 957 953; x_wconf 82' lang='lat' dir='ltr'><strong>unguentis,</strong></span> <span class='ocrx_word' id='word_1_106' title='bbox 973 903 1160 953; x_wconf 91' lang='lat' dir='ltr'><strong>quicquid</strong></span> <span class='ocrx_word' id='word_1_107' title='bbox 1175 906 1228 940; x_wconf 88' lang='lat' dir='ltr'><strong>sit</strong></span> <span class='ocrx_word' id='word_1_108' title='bbox 1247 917 1338 940; x_wconf 91' lang='lat' dir='ltr'><strong>cum</strong></span> <span class='ocrx_word' id='word_1_109' title='bbox 1354 916 1432 953; x_wconf 93' lang='lat' dir='ltr'><strong>quo</strong></span> 
     </span>
     <span class='ocr_line' id='line_1_17' title="bbox 248 956 1430 1006; baseline 0.001 -14"><span class='ocrx_word' id='word_1_110' title='bbox 248 956 509 1006; x_wconf 81' lang='lat' dir='ltr'><strong>decoquatur,</strong></span> <span class='ocrx_word' id='word_1_111' title='bbox 547 956 640 993; x_wconf 88' lang='lat' dir='ltr'><strong>folio</strong></span> <span class='ocrx_word' id='word_1_112' title='bbox 677 956 803 994; x_wconf 85' lang='lat' dir='ltr'><strong>oleae.</strong></span> <span class='ocrx_word' id='word_1_113' title='bbox 857 956 1058 993; x_wconf 80' lang='lat' dir='ltr'><strong>struthion</strong></span> <span class='ocrx_word' id='word_1_114' title='bbox 1097 956 1240 993; x_wconf 91' lang='lat' dir='ltr'><strong>Graeci</strong></span> <span class='ocrx_word' id='word_1_115' title='bbox 1274 963 1430 994; x_wconf 87' lang='lat' dir='ltr'><strong>vocant.</strong></span> 
     </span>
     <span class='ocr_line' id='line_1_18' title="bbox 249 1009 1432 1060; baseline 0.001 -14"><span class='ocrx_word' id='word_1_116' title='bbox 249 1009 364 1046; x_wconf 88' lang='lat' dir='ltr'><strong>floret</strong></span> <span class='ocrx_word' id='word_1_117' title='bbox 404 1015 576 1054; x_wconf 83' lang='lat' dir='ltr'><strong>aestate,</strong></span> <span class='ocrx_word' id='word_1_118' title='bbox 615 1016 732 1060; x_wconf 87' lang='lat' dir='ltr'><strong>grata</strong></span> <span class='ocrx_word' id='word_1_119' title='bbox 773 1016 953 1059; x_wconf 84' lang='lat' dir='ltr'><strong>aspectu,</strong></span> <span class='ocrx_word' id='word_1_120' title='bbox 993 1023 1129 1047; x_wconf 83' lang='lat' dir='ltr'><strong>verum</strong></span> <span class='ocrx_word' id='word_1_121' title='bbox 1170 1012 1255 1047; x_wconf 89' lang='lat' dir='ltr'><strong>sine</strong></span> <span class='ocrx_word' id='word_1_122' title='bbox 1295 1010 1432 1054; x_wconf 87' lang='lat' dir='ltr'><strong>odore,</strong></span> 
     </span>
     <span class='ocr_line' id='line_1_19' title="bbox 248 1063 1429 1114; baseline 0.001 -15"><span class='ocrx_word' id='word_1_123' title='bbox 248 1065 405 1112; x_wconf 86' lang='lat' dir='ltr'><strong>spinosa</strong></span> <span class='ocrx_word' id='word_1_124' title='bbox 422 1069 463 1100; x_wconf 89' lang='lat' dir='ltr'><strong>et</strong></span> <span class='ocrx_word' id='word_1_125' title='bbox 478 1063 591 1100; x_wconf 89' lang='lat' dir='ltr'><strong>caule</strong></span> <span class='ocrx_word' id='word_1_126' title='bbox 611 1063 844 1114; x_wconf 83' lang='lat' dir='ltr'><strong>lanuginoso</strong></span> <span class='ocrx_word' id='word_1_127' title='bbox 856 1064 883 1100; x_wconf 88' lang='lat'><strong>⁵.</strong></span> <span class='ocrx_word' id='word_1_128' title='bbox 923 1077 1060 1100; x_wconf 88' lang='lat' dir='ltr'><strong>semen</strong></span> <span class='ocrx_word' id='word_1_129' title='bbox 1081 1066 1116 1101; x_wconf 92' lang='lat' dir='ltr'><strong>ei</strong></span> <span class='ocrx_word' id='word_1_130' title='bbox 1137 1063 1302 1107; x_wconf 81' lang='lat' dir='ltr'><strong>nullum,</strong></span> <span class='ocrx_word' id='word_1_131' title='bbox 1317 1064 1429 1101; x_wconf 80' lang='lat' dir='ltr'><strong>radix</strong></span> 
     </span>
     <span class='ocr_line' id='line_1_20' title="bbox 248 1117 1379 1167; baseline 0.002 -15"><span class='ocrx_word' id='word_1_132' title='bbox 248 1130 409 1167; x_wconf 82' lang='lat' dir='ltr'><strong>magna,</strong></span> <span class='ocrx_word' id='word_1_133' title='bbox 430 1130 533 1167; x_wconf 90' lang='lat' dir='ltr'><strong>quae</strong></span> <span class='ocrx_word' id='word_1_134' title='bbox 552 1117 773 1154; x_wconf 89' lang='lat' dir='ltr'><strong>conciditur</strong></span> <span class='ocrx_word' id='word_1_135' title='bbox 791 1117 842 1154; x_wconf 83' lang='lat' dir='ltr'><strong>ad</strong></span> <span class='ocrx_word' id='word_1_136' title='bbox 861 1131 981 1167; x_wconf 89' lang='lat' dir='ltr'><strong>quern</strong></span> <span class='ocrx_word' id='word_1_137' title='bbox 999 1117 1151 1154; x_wconf 80' lang='lat' dir='ltr'><strong>dictum</strong></span> <span class='ocrx_word' id='word_1_138' title='bbox 1172 1123 1233 1154; x_wconf 89' lang='lat' dir='ltr'><strong>est</strong></span> <span class='ocrx_word' id='word_1_139' title='bbox 1253 1131 1379 1154; x_wconf 87' lang='lat' dir='ltr'><strong>usum.</strong></span> 
     </span>
     <span class='ocr_line' id='line_1_21' title="bbox 299 1170 1428 1220; baseline 0.001 -13"><span class='ocrx_word' id='word_1_140' title='bbox 299 1170 410 1207; x_wconf 88' lang='lat' dir='ltr'><strong>XIX.</strong></span> <span class='ocrx_word' id='word_1_141' title='bbox 441 1171 504 1207; x_wconf 82' lang='lat' dir='ltr'><strong>Ab</strong></span> <span class='ocrx_word' id='word_1_142' title='bbox 524 1170 582 1207; x_wconf 80' lang='lat' dir='ltr'><strong>his</strong></span> <span class='ocrx_word' id='word_1_143' title='bbox 602 1177 784 1220; x_wconf 87' lang='lat' dir='ltr'><strong>superest</strong></span> <span class='ocrx_word' id='word_1_144' title='bbox 803 1174 949 1208; x_wconf 86' lang='lat' dir='ltr'><strong>reverti</strong></span> <span class='ocrx_word' id='word_1_145' title='bbox 969 1171 1019 1208; x_wconf 85' lang='lat' dir='ltr'><strong>ad</strong></span> <span class='ocrx_word' id='word_1_146' title='bbox 1046 1170 1250 1207; x_wconf 86' lang='lat' dir='ltr'><strong>hortorum</strong></span> <span class='ocrx_word' id='word_1_147' title='bbox 1278 1184 1428 1214; x_wconf 86' lang='lat' dir='ltr'><strong>curam,</strong></span> 
     </span>
     <span class='ocr_line' id='line_1_22' title="bbox 249 1224 1432 1286; baseline -0.001 -26"><span class='ocrx_word' id='word_1_148' title='bbox 249 1229 290 1260; x_wconf 88' lang='lat' dir='ltr'><strong>et</strong></span> <span class='ocrx_word' id='word_1_149' title='bbox 306 1230 449 1286; x_wconf 79' lang='lat' dir='ltr'><strong>suapte</strong></span> <span class='ocrx_word' id='word_1_150' title='bbox 465 1230 610 1261; x_wconf 86' lang='lat' dir='ltr'><strong>natura</strong></span> <span class='ocrx_word' id='word_1_151' title='bbox 629 1224 931 1262; x_wconf 85' lang='lat' dir='ltr'><strong>memorandam</strong></span> <span class='ocrx_word' id='word_1_152' title='bbox 949 1230 992 1262; x_wconf 85' lang='lat' dir='ltr'><strong>et</strong></span> <span class='ocrx_word' id='word_1_153' title='bbox 1007 1227 1194 1274; x_wconf 90' lang='lat' dir='ltr'><strong>quoniam</strong></span> <span class='ocrx_word' id='word_1_154' title='bbox 1215 1227 1432 1275; x_wconf 80' lang='lat' dir='ltr'><strong>antiquitas</strong></span> 
     </span>
     <span class='ocr_line' id='line_1_23' title="bbox 249 1276 1432 1328; baseline 0.001 -15"><span class='ocrx_word' id='word_1_155' title='bbox 249 1276 344 1314; x_wconf 86' lang='lat' dir='ltr'><strong>nihil</strong></span> <span class='ocrx_word' id='word_1_156' title='bbox 373 1281 479 1327; x_wconf 89' lang='lat' dir='ltr'><strong>prius</strong></span> <span class='ocrx_word' id='word_1_157' title='bbox 509 1280 655 1315; x_wconf 81' lang='lat' dir='ltr'><strong>mirata</strong></span> <span class='ocrx_word' id='word_1_158' title='bbox 685 1284 746 1315; x_wconf 90' lang='lat' dir='ltr'><strong>est</strong></span> <span class='ocrx_word' id='word_1_159' title='bbox 776 1291 897 1328; x_wconf 85' lang='lat' dir='ltr'><strong>quam</strong></span> <span class='ocrx_word' id='word_1_160' title='bbox 928 1278 1195 1328; x_wconf 77' lang='lat' dir='ltr'><strong>Hesperidum</strong></span> <span class='ocrx_word' id='word_1_161' title='bbox 1225 1277 1358 1315; x_wconf 89' lang='lat' dir='ltr'><strong>hortos</strong></span> <span class='ocrx_word' id='word_1_162' title='bbox 1387 1291 1432 1315; x_wconf 84' lang='lat' dir='ltr'><strong>ac</strong></span> 
     </span>
     <span class='ocr_line' id='line_1_24' title="bbox 249 1331 1431 1382; baseline 0.001 -15"><span class='ocrx_word' id='word_1_163' title='bbox 249 1344 387 1381; x_wconf 78' lang='lat' dir='ltr'><strong>regum</strong></span> <span class='ocrx_word' id='word_1_164' title='bbox 405 1331 599 1369; x_wconf 83' lang='lat' dir='ltr'><strong>Adonidis</strong></span> <span class='ocrx_word' id='word_1_165' title='bbox 615 1338 657 1369; x_wconf 92' lang='lat' dir='ltr'><strong>et</strong></span> <span class='ocrx_word' id='word_1_166' title='bbox 673 1332 842 1375; x_wconf 83' lang='lat' dir='ltr'><strong>Alcinoi,</strong></span> <span class='ocrx_word' id='word_1_167' title='bbox 856 1335 1035 1382; x_wconf 88' lang='lat' dir='ltr'><strong>itemque</strong></span> <span class='ocrx_word' id='word_1_168' title='bbox 1050 1331 1236 1381; x_wconf 87' lang='lat' dir='ltr'><strong>pensiles,</strong></span> <span class='ocrx_word' id='word_1_169' title='bbox 1251 1334 1331 1369; x_wconf 90' lang='lat' dir='ltr'><strong>sive</strong></span> <span class='ocrx_word' id='word_1_170' title='bbox 1346 1331 1431 1368; x_wconf 92' lang='lat' dir='ltr'><strong>illos</strong></span> 
     </span>
     <span class='ocr_line' id='line_1_25' title="bbox 248 1384 1431 1436; baseline 0.001 -15"><span class='ocrx_word' id='word_1_171' title='bbox 248 1384 475 1422; x_wconf 83' lang='lat' dir='ltr'><strong>Semiramis</strong></span> <span class='ocrx_word' id='word_1_172' title='bbox 494 1388 575 1422; x_wconf 90' lang='lat' dir='ltr'><strong>sive</strong></span> <span class='ocrx_word' id='word_1_173' title='bbox 595 1386 698 1436; x_wconf 76' lang='lat' dir='ltr'><strong>Assy</strong></span> <span class='ocrx_word' id='word_1_174' title='bbox 703 1388 784 1422; x_wconf 89' lang='lat' dir='ltr'><strong>riae</strong></span> <span class='ocrx_word' id='word_1_175' title='bbox 803 1398 873 1423; x_wconf 88' lang='lat' dir='ltr'><strong>rex</strong></span> <span class='ocrx_word' id='word_1_176' title='bbox 893 1384 1013 1436; x_wconf 91' lang='lat' dir='ltr'><strong>Syrus</strong></span> <span class='ocrx_word' id='word_1_177' title='bbox 1028 1385 1044 1409; x_wconf 77' lang='lat'>⁶</span> <span class='ocrx_word' id='word_1_178' title='bbox 1065 1385 1176 1429; x_wconf 90' lang='lat' dir='ltr'><strong>fecit,</strong></span> <span class='ocrx_word' id='word_1_179' title='bbox 1194 1385 1245 1422; x_wconf 91' lang='lat' dir='ltr'><strong>de</strong></span> <span class='ocrx_word' id='word_1_180' title='bbox 1265 1398 1431 1436; x_wconf 91' lang='lat' dir='ltr'><strong>quorum</strong></span> 
     </span>
    </p>
   </div>
   <div class='ocr_carea' id='block_1_5' title="bbox 254 1487 1430 1785">
    <p class='ocr_par' dir='ltr' id='par_1_5' title="bbox 301 1487 696 1528">
     <span class='ocr_line' id='line_1_26' title="bbox 301 1487 696 1528; baseline 0 -9"><span class='ocrx_word' id='word_1_181' title='bbox 301 1487 312 1507; x_wconf 87' lang='lat'><strong>¹</strong></span> <span class='ocrx_word' id='word_1_182' title='bbox 335 1487 424 1519; x_wconf 80' lang='lat' dir='ltr'><strong>foliis</strong></span> <span class='ocrx_word' id='word_1_183' title='bbox 439 1488 514 1519; x_wconf 77' lang='lat' dir='ltr'><strong>add.</strong></span> <span class='ocrx_word' id='word_1_184' title='bbox 534 1488 696 1528; x_wconf 78' lang='lat' dir='ltr'><strong>Maylwff.</strong></span> 
     </span>
    </p>

    <p class='ocr_par' dir='ltr' id='par_1_6' title="bbox 301 1529 1387 1572">
     <span class='ocr_line' id='line_1_27' title="bbox 301 1529 1387 1572; baseline 0 -10"><span class='ocrx_word' id='word_1_185' title='bbox 301 1532 311 1549; x_wconf 81' lang='lat'><strong>²</strong></span> <span class='ocrx_word' id='word_1_186' title='bbox 335 1531 508 1569; x_wconf 49' lang='lat' dir='ltr'><strong>(rubrum,</strong></span> <span class='ocrx_word' id='word_1_187' title='bbox 526 1535 699 1572; x_wconf 80' lang='lat' dir='ltr'><strong>postremo</strong></span> <span class='ocrx_word' id='word_1_188' title='bbox 716 1531 861 1572; x_wconf 86' lang='lat' dir='ltr'><strong>nigrum,</strong></span> <span class='ocrx_word' id='word_1_189' title='bbox 880 1531 998 1570; x_wconf 77' lang='lat' dir='ltr'><strong>radix&gt;</strong></span> <span class='ocrx_word' id='word_1_190' title='bbox 1018 1530 1176 1572; x_wconf 80' lang='lat' dir='ltr'><strong>Mayhoff</strong></span> <span class='ocrx_word' id='word_1_191' title='bbox 1187 1529 1258 1563; x_wconf 78' lang='lat' dir='ltr'><strong>coll.</strong></span> <span class='ocrx_word' id='word_1_192' title='bbox 1276 1529 1387 1563; x_wconf 72' lang='lat' dir='ltr'><strong>Dioec.</strong></span> 
     </span>
    </p>

    <p class='ocr_par' dir='ltr' id='par_1_7' title="bbox 298 1574 623 1605">
     <span class='ocr_line' id='line_1_28' title="bbox 298 1574 623 1605; baseline 0 0"><span class='ocrx_word' id='word_1_193' title='bbox 298 1574 310 1592; x_wconf 86' lang='lat'><strong>³</strong></span> <span class='ocrx_word' id='word_1_194' title='bbox 338 1574 490 1605; x_wconf 62' lang='lat' dir='ltr'><strong>Urlichs:</strong></span> <span class='ocrx_word' id='word_1_195' title='bbox 517 1574 623 1605; x_wconf 80' lang='lat' dir='ltr'><strong>rubia.</strong></span> 
     </span>
    </p>

    <p class='ocr_par' dir='ltr' id='par_1_8' title="bbox 298 1617 594 1648">
     <span class='ocr_line' id='line_1_29' title="bbox 298 1617 594 1648; baseline 0.003 -1"><span class='ocrx_word' id='word_1_196' title='bbox 298 1617 310 1635; x_wconf 82' lang='lat'><strong>⁴</strong></span> <span class='ocrx_word' id='word_1_197' title='bbox 333 1617 524 1648; x_wconf 70' lang='lat' dir='ltr'><strong>Book-ham:</strong></span> <span class='ocrx_word' id='word_1_198' title='bbox 549 1621 594 1648; x_wconf 83' lang='lat' dir='ltr'><strong>et.</strong></span> 
     </span>
    </p>

    <p class='ocr_par' dir='ltr' id='par_1_9' title="bbox 300 1660 647 1702">
     <span class='ocr_line' id='line_1_30' title="bbox 300 1660 647 1702; baseline -0.003 -10"><span class='ocrx_word' id='word_1_199' title='bbox 300 1660 313 1678; x_wconf 80' lang='lat'><strong>⁶</strong></span> <span class='ocrx_word' id='word_1_200' title='bbox 337 1660 443 1692; x_wconf 77' lang='lat' dir='ltr'><strong>Edd.:</strong></span> <span class='ocrx_word' id='word_1_201' title='bbox 470 1661 647 1702; x_wconf 80' lang='lat' dir='ltr'><strong>lanuginis.</strong></span> 
     </span>
    </p>

    <p class='ocr_par' dir='ltr' id='par_1_10' title="bbox 254 1702 1430 1785">
     <span class='ocr_line' id='line_1_31' title="bbox 299 1702 1430 1745; baseline 0 -11"><span class='ocrx_word' id='word_1_202' title='bbox 299 1704 311 1722; x_wconf 84' lang='lat'><strong>⁶</strong></span> <span class='ocrx_word' id='word_1_203' title='bbox 337 1704 403 1734; x_wconf 84' lang='lat' dir='ltr'><strong>Ian</strong></span> <span class='ocrx_word' id='word_1_204' title='bbox 420 1705 549 1745; x_wconf 80' lang='lat' dir='ltr'><strong>(regina</strong></span> <span class='ocrx_word' id='word_1_205' title='bbox 579 1703 729 1736; x_wconf 79' lang='lat' dir='ltr'><strong>Nitooris</strong></span> <span class='ocrx_word' id='word_1_206' title='bbox 761 1703 925 1744; x_wconf 44' lang='lat' dir='ltr'><strong>Urlichs„</strong></span> <span class='ocrx_word' id='word_1_207' title='bbox 965 1702 1073 1744; x_wconf 76' lang='lat' dir='ltr'><strong>Cyrus</strong></span> <span class='ocrx_word' id='word_1_208' title='bbox 1101 1703 1230 1745; x_wconf 71' lang='lat' dir='ltr'><strong>(reagin</strong></span> <span class='ocrx_word' id='word_1_209' title='bbox 1257 1702 1357 1743; x_wconf 71' lang='lat' dir='ltr'><strong>syriis</strong></span> <span class='ocrx_word' id='word_1_210' title='bbox 1381 1702 1430 1734; x_wconf 79' lang='lat' dir='ltr'><strong>cd.</strong></span> 
     </span>
     <span class='ocr_line' id='line_1_32' title="bbox 254 1746 575 1785; baseline 0.006 -8"><span class='ocrx_word' id='word_1_211' title='bbox 254 1746 334 1777; x_wconf 83' lang='lat' dir='ltr'><strong>Par.</strong></span> <span class='ocrx_word' id='word_1_212' title='bbox 351 1747 424 1778; x_wconf 80' lang='lat' dir='ltr'><strong>Lat.</strong></span> <span class='ocrx_word' id='word_1_213' title='bbox 445 1748 575 1785; x_wconf 86' lang='lat'>10318).</span> 
     </span>
    </p>
   </div>
   <div class='ocr_carea' id='block_1_6' title="bbox 413 1825 673 1829">
    <p class='ocr_par' dir='ltr' id='par_1_11' title="bbox 413 1825 673 1829">
     <span class='ocr_line' id='line_1_33' title="bbox 413 1825 673 1829; baseline 0 0"><span class='ocrx_word' id='word_1_214' title='bbox 413 1825 673 1829; x_wconf 95' lang='lat' dir='ltr'><strong> </strong></span> 
     </span>
    </p>
   </div>
   <div class='ocr_carea' id='block_1_7' title="bbox 677 1824 876 1829">
    <p class='ocr_par' dir='ltr' id='par_1_12' title="bbox 677 1824 876 1829">
     <span class='ocr_line' id='line_1_34' title="bbox 677 1824 876 1829; baseline 0 0"><span class='ocrx_word' id='word_1_215' title='bbox 677 1824 876 1829; x_wconf 95' lang='lat' dir='ltr'><strong> </strong></span> 
     </span>
    </p>
   </div>
   <div class='ocr_carea' id='block_1_8' title="bbox 235 1868 1431 2083">
    <p class='ocr_par' dir='ltr' id='par_1_13' title="bbox 235 1868 1431 2083">
     <span class='ocr_line' id='line_1_35' title="bbox 295 1868 1431 1906; baseline -0.001 -4.961"><span class='ocrx_word' id='word_1_216' title='bbox 295 1870 402 1901; x_wconf 65' lang='lat' dir='ltr'>“The</span> <span class='ocrx_word' id='word_1_217' title='bbox 428 1871 520 1902; x_wconf 77' lang='lat' dir='ltr'>MSS.</span> <span class='ocrx_word' id='word_1_218' title='bbox 547 1881 603 1901; x_wconf 79' lang='lat' dir='ltr'><strong>are</strong></span> <span class='ocrx_word' id='word_1_219' title='bbox 635 1870 803 1901; x_wconf 71' lang='lat' dir='ltr'><strong>defmtive</strong></span> <span class='ocrx_word' id='word_1_220' title='bbox 835 1869 923 1900; x_wconf 79' lang='lat' dir='ltr'><strong>here.</strong></span> <span class='ocrx_word' id='word_1_221' title='bbox 972 1869 1043 1900; x_wconf 83' lang='lat' dir='ltr'><strong>The</strong></span> <span class='ocrx_word' id='word_1_222' title='bbox 1074 1868 1183 1900; x_wconf 78' lang='lat' dir='ltr'><strong>words</strong></span> <span class='ocrx_word' id='word_1_223' title='bbox 1209 1868 1368 1906; x_wconf 65' lang='lat' dir='ltr'><strong>inserted.</strong></span> <span class='ocrx_word' id='word_1_224' title='bbox 1393 1878 1431 1900; x_wconf 72' lang='lat' dir='ltr'><strong>as</strong></span> 
     </span>
     <span class='ocr_line' id='line_1_36' title="bbox 235 1912 1202 1955; baseline -0.002 -10"><span class='ocrx_word' id='word_1_225' title='bbox 235 1914 379 1945; x_wconf 73' lang='lat' dir='ltr'><strong>omitted</strong></span> <span class='ocrx_word' id='word_1_226' title='bbox 400 1913 443 1954; x_wconf 84' lang='lat' dir='ltr'><strong>by</strong></span> <span class='ocrx_word' id='word_1_227' title='bbox 461 1924 482 1944; x_wconf 81' lang='lat' dir='ltr'><strong>a</strong></span> <span class='ocrx_word' id='word_1_228' title='bbox 499 1913 644 1955; x_wconf 82' lang='lat' dir='ltr'><strong>copyist</strong></span> <span class='ocrx_word' id='word_1_229' title='bbox 647 1924 663 1944; x_wconf 83' lang='lat' dir='ltr'><strong>s</strong></span> <span class='ocrx_word' id='word_1_230' title='bbox 679 1923 781 1949; x_wconf 80' lang='lat' dir='ltr'><strong>error</strong></span> <span class='ocrx_word' id='word_1_231' title='bbox 799 1924 855 1944; x_wconf 83' lang='lat' dir='ltr'><strong>arc</strong></span> <span class='ocrx_word' id='word_1_232' title='bbox 875 1913 959 1944; x_wconf 84' lang='lat' dir='ltr'><strong>from</strong></span> <span class='ocrx_word' id='word_1_233' title='bbox 981 1912 1202 1944; x_wconf 73' lang='lat' dir='ltr'><strong>Dioscorides.</strong></span> 
     </span>
     <span class='ocr_line' id='line_1_37' title="bbox 291 1953 1431 1997; baseline -0.001 -10"><span class='ocrx_word' id='word_1_234' title='bbox 291 1956 303 1973; x_wconf 89' lang='grc'><strong>”</strong></span> <span class='ocrx_word' id='word_1_235' title='bbox 329 1957 477 1997; x_wconf 80' lang='lat' dir='ltr'><strong>Perhaps</strong></span> <span class='ocrx_word' id='word_1_236' title='bbox 495 1957 617 1988; x_wconf 67' lang='lat' dir='ltr'><strong>Beseda</strong></span> <span class='ocrx_word' id='word_1_237' title='bbox 634 1955 762 1994; x_wconf 74' lang='lat' dir='ltr'><strong>luteola,</strong></span> <span class='ocrx_word' id='word_1_238' title='bbox 778 1955 906 1996; x_wconf 75' lang='lat' dir='ltr'><strong>d‘y&#39;ers</strong></span> <span class='ocrx_word' id='word_1_239' title='bbox 926 1953 1224 1997; x_wconf 76' lang='lat' dir='ltr'><strong>1‹›cket’,though</strong></span> <span class='ocrx_word' id='word_1_240' title='bbox 1239 1953 1431 1987; x_wconf 75' lang='lat' dir='ltr'><strong>radiculais</strong></span> 
     </span>
     <span class='ocr_line' id='line_1_38' title="bbox 250 1999 1010 2041; baseline 0 -12"><span class='ocrx_word' id='word_1_241' title='bbox 250 2010 324 2031; x_wconf 82' lang='lat' dir='ltr'><strong>onw</strong></span> <span class='ocrx_word' id='word_1_242' title='bbox 327 1999 404 2032; x_wconf 81' lang='lat' dir='ltr'><strong>here</strong></span> <span class='ocrx_word' id='word_1_243' title='bbox 424 1999 620 2031; x_wconf 82' lang='lat' dir='ltr'><strong>mentioned</strong></span> <span class='ocrx_word' id='word_1_244' title='bbox 639 2010 676 2030; x_wconf 75' lang='lat' dir='ltr'><strong>as</strong></span> <span class='ocrx_word' id='word_1_245' title='bbox 695 1999 877 2041; x_wconf 74' lang='lat' dir='ltr'><strong>supplving</strong></span> <span class='ocrx_word' id='word_1_246' title='bbox 896 2009 915 2029; x_wconf 74' lang='lat' dir='ltr'><strong>a</strong></span> <span class='ocrx_word' id='word_1_247' title='bbox 935 1999 1010 2030; x_wconf 78' lang='lat' dir='ltr'><strong>dvc</strong></span> 
     </span>
     <span class='ocr_line' id='line_1_39' title="bbox 290 2042 717 2083; baseline 0.002 -11"><span class='ocrx_word' id='word_1_248' title='bbox 290 2048 300 2059; x_wconf 72' lang='lat'><strong><em>‘</em></strong></span> <span class='ocrx_word' id='word_1_249' title='bbox 334 2043 390 2074; x_wconf 72' lang='lat' dir='ltr'><strong>Le.</strong></span> <span class='ocrx_word' id='word_1_250' title='bbox 408 2043 546 2074; x_wconf 82' lang='lat' dir='ltr'><strong>kitchen</strong></span> <span class='ocrx_word' id='word_1_251' title='bbox 564 2042 717 2083; x_wconf 68' lang='lat' dir='ltr'><strong>gardens.</strong></span> 
     </span>
    </p>
   </div>
   <div class='ocr_carea' id='block_1_9' title="bbox 246 2107 319 2144">
    <p class='ocr_par' dir='ltr' id='par_1_14' title="bbox 246 2107 319 2144">
     <span class='ocr_line' id='line_1_40' title="bbox 246 2107 319 2144; baseline 0 -4"><span class='ocrx_word' id='word_1_252' title='bbox 246 2107 319 2144; x_wconf 76' lang='lat'><strong>⁴50</strong></span> 
     </span>
    </p>
   </div>
  </div>
 </body>
</html>
