1486 2359
144 477 203 508 198

145 852 205 884 199

143 1174 206 1205 200

437 155 523 192 PLI
530 155 602 192 NY
616 168 626 193 ι
668 155 931 193 NATURAL
966 155 1203 194 HISTORY

230 258 385 296 occulta
401 261 555 295 ratione
572 259 677 309 quod
698 271 779 296 sors
791 259 805 282 ¹
826 259 992 308 genialis
1008 264 1130 310 atque
1147 259 1319 297 fecunda
1334 266 1406 296 est.

231 326 308 349 non
322 311 643 349 transferendum
658 318 718 349 est
733 326 782 349 ex
796 312 947 363 frigidis
960 313 1052 350 locis
1066 326 1203 350 semen
1217 316 1256 349 in
1268 313 1408 352 calida.

232 379 362 415 neque
410 379 459 402 ex
503 366 758 415 praecocibus
797 368 837 402 in
878 369 1053 403 serotina
1069 366 1085 390 ²
1123 366 1299 416 nihilque
1314 367 1331 390 ³
1370 369 1407 403 in

230 422 471 456 contrarium
495 426 539 456 ut
556 419 572 442 ⁴¹
596 432 837 469 praecepere
861 420 1024 469 quidam
1047 419 1146 456 falsa
1169 420 1390 470 diligentia.

285 472 365 509 LV.
395 472 535 509 Serere
569 475 608 509 in
642 476 780 523 iugera
805 479 1034 522 temperato
1059 473 1141 510 solo
1174 476 1320 509 iustum
1348 479 1407 510 est

230 529 350 562 tritici
372 533 441 562 aut
464 526 625 575 siliginis
648 526 799 563 modios
821 539 858 570 V,
879 526 992 563 farris
1015 533 1086 563 aut
1107 529 1282 570 seminis,
1304 527 1408 577 quod

230 580 418 616 frumenti
449 593 574 629 genus
604 583 660 617 ita
690 579 950 629 appellamus,
978 592 1015 623 x,
1044 578 1181 617 hordei
1211 593 1264 624 νι,
1292 580 1409 617 fabae

229 636 369 683 quinta
405 633 572 682 amplius
609 647 729 683 quam
765 636 900 677 tritici,
936 636 1058 670 viciae
1094 646 1164 677 xn,
1198 636 1332 670 ciceris
1369 640 1407 670 et

228 686 445 724 cicerculae
476 693 517 723 et
547 689 619 736 pisi
652 699 711 730 111,
743 687 865 736 lupini
896 700 933 729 x,
963 687 1081 724 lentis
1112 699 1158 724 111
1189 687 1275 737 (sed
1309 686 1410 724 hanc

231 754 321 777 cum
363 741 456 777 fimo
499 741 608 778 arido
647 743 722 778 seri
763 740 930 790 volunt),
959 744 1039 777 ervi
1079 753 1133 784 νι,
1172 741 1318 778 siliciae
1358 753 1410 783 vi,

231 794 489 844 passiolorum
522 807 574 838 lv,
602 794 737 844 pabuli
767 807 829 838 xx,
849 794 959 838 milii,
988 797 1117 844 panici
1145 797 1339 831 sextarios
1357 807 1409 835 lv,

231 851 368 897 pingui
386 848 468 885 solo
486 847 587 897 plus,
605 848 740 898 gracili
759 851 900 885 minus.
956 854 1017 885 est
1036 854 1077 885 et
1095 847 1171 884 alia
1189 848 1410 885 distinctio:

231 904 270 938 in
292 902 415 939 denso
438 908 508 938 aut
529 908 684 939 cretoso
707 908 777 938 aut
800 901 992 952 uliginoso
1013 904 1135 939 tritici
1157 907 1227 939 aut
1249 902 1410 952 siliginis

231 955 382 992 modios
394 968 448 999 vi,
460 958 500 992 in
512 955 643 993 soluta
654 961 762 992 terra
775 961 816 992 et
828 958 930 992 sicca
944 962 985 992 et
998 955 1106 992 laeta
1120 967 1158 991 ιν
1172 967 1181 999 ;
1207 968 1384 992 macrum
1396 956 1411 978 ‘⁷'

231 1012 336 1046 enim
378 1009 518 1053 solum,
559 1012 632 1046 nisi
672 1022 803 1047 rarum
845 1009 1019 1046 culmum
1061 1008 1223 1053 habeat,
1263 1011 1409 1059 spicam

231 1065 427 1100 minutam
445 1062 542 1100 facit
559 1069 601 1100 et
617 1065 792 1107 inanem,
809 1065 972 1113 pinguia
988 1075 1081 1099 arva
1099 1076 1148 1099 ex
1166 1076 1244 1099 uno
1260 1065 1411 1099 semine

231 1115 415 1153 fruticem
451 1129 705 1153 numerosum
741 1116 915 1153 fundunt
949 1115 1196 1166 densamque
1230 1122 1409 1167 segetem

234 1183 283 1206 ex
302 1184 389 1206 raro
408 1173 559 1207 semine
579 1173 784 1207 emittunt.
839 1184 934 1219 crgo
952 1173 1056 1206 ini-er
1074 1176 1264 1220 quattuor
1282 1175 1324 1207 et
1341 1183 1410 1207 sex

232 1224 398 1267 modios,
434 1237 504 1273 pro
540 1230 684 1260 natura
719 1224 789 1260 soli
825 1226 965 1274 quinto
1000 1226 1129 1260 minus
1164 1226 1240 1260 seri
1275 1223 1410 1273 plusve

231 1280 494 1327 praecipiunt,
518 1280 615 1314 item
639 1280 678 1314 in
702 1280 853 1314 consito
877 1283 946 1314 aut
969 1277 1112 1314 clivoso
1136 1283 1180 1314 ut
1203 1279 1243 1314 in
1265 1290 1409 1315 macro.

232 1330 307 1367 huc
327 1331 342 1354 ⁶
370 1334 547 1380 pertinet
580 1331 780 1368 oraculum
819 1331 915 1368 illud
948 1344 1094 1381 magno
1127 1343 1248 1380 opere
1283 1336 1410 1368 custo-

231 1384 421 1421 diendum
438 1399 446 1422 ε
471 1385 478 1397 “
494 1384 685 1433 Segetem
701 1398 750 1421 ne
766 1384 1001 1433 defruges.'⁷
1043 1385 1188 1421 adiecit
1202 1383 1261 1420 his
1277 1385 1411 1421 Attius

233 1441 272 1474 in
296 1437 538 1482 Praxidica,8
561 1444 604 1475 ut
629 1445 827 1476 sereretur
850 1452 939 1474 cum
964 1438 1057 1475 luna
1081 1444 1186 1475 esset
1210 1441 1248 1474 in
1273 1441 1412 1479 arieto,

232 1495 414 1541 geminis‘,
470 1492 598 1535 leone,
653 1492 765 1536 libra,
819 1495 996 1542 aquario,
1050 1492 1275 1529 Zoroastres
1331 1492 1410 1529 sole

479 1598 491 1617 ¹
516 1597 622 1629 MA:
648 1597 726 1628 fors.

479 1642 489 1659 ²
515 1641 547 1671 in
565 1641 714 1671 serotina
730 1639 799 1671 coll.
820 1650 896 1672 xvn
915 1641 955 1672 79
972 1640 1046 1672 add.
1064 1640 1134 1672 edd.

477 1683 489 1701 ³
515 1683 664 1723 nihilque
682 1682 733 1714 iul.
752 1694 813 1714 om.

478 1727 491 1745 ⁴
515 1730 554 1757 ut
570 1727 644 1757 add.
664 1726 826 1766 Mayhoff.

478 1769 490 1787 ‘³
519 1768 580 1800 V.l.
599 1770 722 1800 macies
740 1769 860 1808 (macie
880 1769 1056 1810 Mayhoff).

478 1812 490 1830 ⁸
514 1811 704 1843 Rackhmn:
730 1812 803 1843 hoc.

477 1855 489 1873 ⁷
513 1855 672 1886 defrudes
688 1854 789 1895 Silliq
804 1865 842 1886 ex
858 1855 990 1886 Catone.

477 1900 489 1916 ⁸
514 1897 675 1930 Ribbeck:
702 1897 890 1930 Praxidico.

325 2075 338 2089 ‘¹
362 2070 452 2101 'l‘lnat
470 2071 507 2106 is,
526 2081 595 2106 zea.
616 2071 630 2110 ξ
648 2071 699 2102 82.
749 2072 810 2103 see
832 2081 889 2111 pp.
913 2072 971 2101 198
998 2073 1028 2106 9,
1046 2071 1119 2101 242⁷
1135 2072 1164 2104 3.
1183 2071 1300 2101 248-9.

233 2143 301 2179 314
