1486 2359
407 143 592 180 PLINY:
647 142 908 180 NATURAL
947 141 1182 179 HISTORY

256 247 340 284 Non
359 247 600 284 fastidienda
618 246 716 283 haec
733 258 892 296 quoque
909 248 1090 289 scientia,
1107 251 1231 296 atque
1249 259 1326 282 non
1344 249 1382 283 in

206 318 350 354 ultimis
378 317 575 366 ponenda.
597 315 757 366 quando
778 318 874 352 satis
901 316 1124 366 quibusque
1152 315 1291 352 umbra
1313 321 1384 353 aut

205 391 333 424 nutrix
356 393 422 423 aut
447 400 613 423 noverca
633 393 717 423 est:
751 385 982 436 iuglandum
1004 385 1165 435 quidem
1186 388 1385 435 pinorum-

203 470 281 507 que
299 463 338 493 ct
358 460 556 505 picearum
575 462 616 493 et
634 456 776 493 abietis
793 468 1071 505 quaecumque
1088 458 1290 506 attingere
1306 469 1384 493 non

203 525 322 563 dubie
347 539 555 562 venenum.

135 601 177 630 92
256 595 363 632 xix.
393 595 570 632 Stilicidii
597 595 724 632 brevis
748 594 928 632 definitio
952 601 1026 632 est.
1081 598 1257 632 omniurn
1281 608 1386 646 quae

206 669 380 714 proiectu
416 666 563 702 frondis
597 668 651 702 ita
684 664 959 702 defenduntur
992 671 1033 701 ut
1068 678 1139 714 per
1171 668 1275 715 ipsas
1307 679 1385 702 non

203 735 380 771 defluant
420 736 577 772 imbres.
614 735 719 771 stilla
756 747 875 771 saeva
913 741 986 771 est.
1042 747 1137 785 ergo
1173 734 1386 785 plurimum

205 807 383 841 interf-rit
412 804 483 842 hac
509 808 546 841 in
573 807 823 854 quaestione,
849 811 953 841 terra
979 807 1017 840 in
1044 818 1121 854 qua
1146 818 1322 842 seremus
1347 807 1385 843 in

205 875 427 923 qnantun1¹
457 875 617 911 arbores
644 887 823 924 quasque
849 874 945 910 alat.
998 876 1077 910 iam
1105 887 1176 923 per
1201 887 1243 912 se
1268 874 1387 912 colles

205 946 353 979 minora
373 950 571 993 quaerunt
591 943 812 980 intervalla.
868 946 1040 980 ventosis
1060 943 1152 980 locis
1169 944 1387 981 crebriores

137 1019 178 1048 5⁸3
207 1015 279 1048 <cri
314 1013 514 1050 conducit.
543 1012 670 1049 oleam
707 1020 843 1050 tamen
878 1015 1052 1050 maximo
1085 1012 1308 1058 intervallo,
1335 1013 1387 1052 de

205 1097 281 1132 qua
314 1084 476 1119 Catonis
511 1083 651 1121 Italica
684 1085 887 1120 sententia
919 1089 981 1120 est
1019 1086 1056 1120 in
1089 1095 1162 1120 xxv
1204 1083 1388 1133 pedibus,

206 1153 414 1202 plurimum
437 1165 507 1189 xxx
527 1156 626 1195 seri3
658 1153 729 1190 sed
750 1153 821 1190 hoc
842 1155 1018 1190 variatur
1036 1153 1210 1191 locorum
1229 1159 1386 1191 natura.

207 1236 281 1258 uon
312 1222 386 1258 alia
419 1225 541 1259 maior
570 1226 607 1258 in
641 1222 801 1260 Baetica
831 1222 968 1265 arbon
1012 1225 1050 1259 in
1081 1222 1215 1261 Africa
1243 1236 1388 1261 vero—

207 1291 301 1329 tides
341 1306 462 1341 penes
501 1298 682 1330 auctores
720 1292 1036 1329 erit—miliarias
1074 1296 1202 1331 vocari
1240 1293 1386 1332 multas

207 1368 365 1397 narrant
391 1376 409 1397 a
437 1362 612 1411 pondere
636 1362 710 1399 olei
736 1362 841 1412 quod
866 1362 998 1399 ferant
1021 1375 1154 1400 annuo
1176 1370 1386 1412 proventu.

207 1430 294 1467 idco
313 1443 405 1467 Lxxv
425 1431 547 1480 pedes
569 1431 692 1482 Mago
710 1431 919 1468 intervallo
936 1431 1049 1469 dedit
1066 1432 1242 1483 undique
1260 1439 1330 1470 aut
1347 1434 1387 1470 in

207 1515 337 1538 macro
366 1501 448 1538 solo
478 1516 523 1539 ac
553 1501 652 1539 duro
683 1508 805 1552 atque
837 1508 1017 1546 ventoso,
1045 1515 1135 1540 cum
1165 1505 1388 1548 minimum,

137 1577 178 1606 94
207 1583 288 1607 va.
344 1571 506 1609 Baetica
535 1572 696 1622 quidem
727 1572 945 1609 uberrimas
973 1585 1120 1610 messes
1149 1575 1254 1611 inter
1279 1573 1387 1612 oleas

210 1643 336 1677 metit.
391 1641 496 1678 illam
527 1645 774 1679 inscientiam
804 1642 1032 1691 pudendam
1062 1655 1148 1679 esse
1175 1645 1387 1681 conveniet

205 1710 361 1747 adultas
378 1712 616 1749 interlucare
634 1714 737 1749 iusto
754 1711 840 1762 plus
858 1718 899 1749 et
918 1714 955 1748 in
974 1719 1178 1750 senectam
1195 1715 1386 1764 praecipi-

206 1786 291 1818 tare
306 1788 390 1825 aut,
403 1788 447 1818 ut
461 1782 695 1832 plerumque
710 1784 801 1831 ipsis
816 1785 880 1831 qui
896 1795 1064 1832 posuere
1076 1783 1386 1833 coarguentibus

456 1884 462 1901 ¹
490 1890 656 1923 quantum
676 1883 962 1921 <inwrvallum>i
981 1883 1142 1924 Mayhoff.

1171 1965 1386 1974 ’.ἡ

723 2007 737 2020 0
763 2001 820 2031 vl.
841 2003 865 2031 ι.

202 2067 247 2109 64
