1486 2359
129 266 166 273 --

126 277 161 295 nl

123 1003 163 1033 58

117 1669 159 1699 59

391 158 586 195 PLINY:
638 156 903 194 NATURAL
939 155 1176 194 HISTORY

245 260 356 296 VIII.
387 260 543 296 Fimeta
563 259 637 296 sub
657 258 725 296 diu
745 271 918 296 concavo
938 257 1023 295 loco
1044 264 1086 294 et
1107 260 1171 308 qui
1194 271 1373 295 umorem

190 327 366 377 colligat,
385 333 607 363 stramento
626 329 779 363 intecta
798 338 848 362 ne
867 327 907 361 in
926 324 1008 362 sole
1028 331 1224 369 arescant,
1244 324 1334 374 palo
1353 338 1375 362 e

192 395 330 431 robore
354 394 526 443 depacto
551 394 633 430 fieri
657 393 819 430 iubent:
857 395 914 429 ita
937 391 1020 428 fore
1044 405 1094 428 ne
1118 394 1376 429 innascantur

192 460 250 497 bis
269 467 488 511 serpentes.
544 461 680 497 fimum
699 463 845 497 inicere
864 465 997 496 terrae
1017 458 1229 508 plurimum
1250 459 1376 497 refert

191 527 348 564 favonio
369 528 491 564 flante
521 541 566 565 ac
595 527 689 564 luna
718 529 881 563 sitiente
899 526 936 569 ι;
977 526 1017 563 id
1045 525 1225 576 plerique
1254 539 1375 576 prave

191 595 430 645 intellegunt
464 609 485 631 a
519 594 665 631 favonii
697 600 787 630 ortu
819 592 1048 631 faciendum
1081 606 1126 630 ac
1160 593 1375 630 Februario

191 676 326 699 mense
339 668 513 705 tantum,
525 676 615 699 cum
627 661 667 699 id
680 661 871 711 pleraque
883 667 973 698 sata
986 666 1028 698 et
1041 660 1056 683 ²
1072 660 1157 697 aliis
1169 660 1375 710 postulent

191 730 404 766 mensibus.
459 742 712 779 quocumque
730 734 912 778 tempore
928 727 1063 764 facere
1079 727 1220 771 libeat,
1235 741 1375 765 curan·

190 796 283 832 dum
304 802 346 832 ut
366 797 416 832 ab
434 810 574 833 occasu
593 795 874 846 aequinoctiali
892 795 1017 832 flante
1036 801 1157 832 vento
1175 795 1246 831 fiat
1265 794 1375 831 luna·

190 877 267 913 que
287 863 544 900 decrescente
563 877 609 900 ac
627 866 744 900 sicca.
799 865 941 899 mirum
961 865 1001 898 in
1021 861 1183 899 modum
1203 868 1375 912 augetur

190 930 352 967 ubertas
374 930 620 980 effectusque
643 933 726 968 eius
748 930 1026 967 observatione
1048 927 1132 966 tali.

242 997 312 1034 lx.
342 998 395 1034 Et
424 997 583 1035 abunde
614 997 820 1047 praedicta
849 999 1005 1034 ratione
1033 996 1135 1034 caeli
1165 1009 1211 1034 ac
1239 1002 1372 1035 terrae

191 1080 292 1103 nunc
321 1067 371 1104 de
400 1070 444 1103 iis
474 1067 679 1104 arboribus
708 1067 885 1104 dicemus
915 1079 1018 1116 quae
1046 1079 1140 1103 cura
1168 1064 1372 1104 hominum

189 1140 310 1184 atquc
350 1140 435 1171 arte
475 1137 726 1183 proveniunt.
782 1147 854 1170 nec
893 1135 1080 1183 pauciora
1118 1146 1240 1183 prope
1279 1141 1373 1172 sunt

189 1215 354 1250 genera,
369 1208 454 1238 tam
474 1202 646 1251 benigne
665 1208 834 1238 naturae
852 1203 1026 1251 gratiam
1045 1200 1275 1244 retulimus;
1302 1207 1372 1239 aut

188 1265 292 1299 enim
335 1266 487 1300 semine
531 1266 767 1313 proveniunt
811 1269 880 1299 aut
924 1262 1071 1312 plantis
1114 1262 1257 1300 radicis
1300 1269 1371 1300 aut

189 1333 405 1380 propagine
436 1336 503 1367 aut
534 1330 732 1367 avolsione
763 1336 832 1367 aut
863 1329 1017 1367 surculo
1047 1335 1117 1366 aut
1151 1332 1270 1367 insito
1303 1330 1372 1367 in³

186 1403 371 1434 consecto
397 1397 544 1434 arboris
570 1404 723 1435 trunco.
778 1411 870 1434 nam
897 1396 990 1433 folia
1016 1396 1238 1447 palmarum
1263 1397 1371 1447 apud

187 1462 424 1514 Babylonios
444 1467 520 1501 scri
541 1470 665 1515 atque
686 1467 743 1501 ita
764 1465 947 1501 arborem
969 1467 1176 1514 provenire
1195 1464 1368 1516 Trogum

185 1531 398 1567 credidisse
414 1531 598 1568 demiror.
653 1532 854 1581 quaedam
871 1537 1007 1569 autem
1024 1531 1199 1581 pluribus
1214 1534 1369 1582 generi-

186 1596 257 1633 bus
277 1604 476 1642 seruntur,
495 1598 695 1648 quaedam
716 1599 910 1636 omnibus.

236 1664 284 1700 X.
315 1666 371 1701 Ac
403 1665 592 1715 pleraque
626 1679 674 1702 ex
707 1665 765 1702 his
798 1672 942 1703 natura
974 1668 1059 1716 ipsa
1089 1665 1224 1703 docuit
1256 1672 1297 1703 et
1329 1668 1367 1703 in

185 1733 318 1780 primis
334 1746 470 1769 semen
484 1746 631 1775 serere,
644 1747 733 1770 cum
748 1733 936 1770 decidens
951 1739 1246 1784 exceptumque
1260 1738 1367 1771 terra

502 1842 511 1861 ¹
536 1843 655 1874 silente
671 1843 854 1874 Pintianus
869 1853 885 1875 e
903 1844 1024 1875 Catone
1041 1842 1177 1875 XXIX.

497 1886 509 1904 ²
531 1890 566 1917 et
581 1886 656 1917 add.
673 1886 852 1917 Rackham.

495 1929 508 1947 ³
536 1928 597 1960 V.l.
615 1933 686 1960 aut.

250 2035 263 2048 ⁰
289 2031 402 2061 Palms
421 2042 482 2062 can
502 2031 541 2062 bc
560 2032 769 2072 propagatcd
789 2031 833 2072 by
850 2031 967 2062 shoote
983 2031 1069 2062 from
1087 2031 1145 2063 the
1161 2032 1283 2064 leaves·

179 2095 227 2127 40
