1486 2359
116 1148 173 1179 1:33

117 1579 173 1610 ¹3⁴

406 177 572 214 PLINY
587 191 595 214 :
638 176 903 214 NATURAL
939 176 1178 215 HISTORY

200 283 413 330 praecipue
426 280 609 317 lactucae
623 286 665 317 et
681 283 807 330 magis
821 280 951 316 intubi
964 292 973 323 ;
1002 283 1079 317 seri
1093 283 1217 317 etiam
1231 280 1384 318 radices

200 342 332 378 inlitas
362 342 453 379 fimo
483 344 651 378 interest
683 347 725 378 et
755 341 896 390 repleri
927 341 1222 392 ablaqueatasl
1256 341 1380 379 ἧῐῐιο.2

199 403 361 454 quidam
390 409 432 440 et
461 402 577 440 aliter
603 402 908 452 amplitudinem
938 409 1103 453 augent,
1125 406 1258 441 recisis
1281 417 1371 441 cum

199 465 249 501 ad
288 465 533 514 semipedem
572 467 819 502 excreverint
862 464 1034 515 fimoque
1071 465 1184 502 suillo
1225 467 1374 502 recenti

199 527 330 564 inlitis.
385 526 598 564 candorem
622 540 714 564 vero
743 532 888 576 putant
909 529 1141 577 contingere
1171 526 1243 564 iis³
1269 527 1379 564 dum-

200 594 316 625 taxat
351 602 454 638 quae
483 591 562 625 sint
591 590 750 626 seminis
780 588 874 632 albi,
896 591 926 624 si
957 587 1108 625 harena
1136 588 1187 626 de
1217 588 1331 626 litore
1360 602 1382 625 a

201 653 326 700 primo
349 652 596 687 incremento
619 656 860 700 congeratur
883 652 921 686 in
943 650 1094 687 medias
1115 656 1238 700 atque
1258 652 1381 688 incre-

199 715 351 748 scentia
371 711 464 748 folia
483 718 623 749 contra
642 714 746 761 ipsas
761 710 778 734 ⁴
803 711 1033 761 religentur.

250 772 335 810 XL.
368 773 469 810 Beta
486 773 776 810 hortensiorum
793 772 987 809 levissima
1005 778 1078 810 est.
1124 775 1206 810 eius
1224 787 1382 824 quoque

201 848 222 870 a
232 834 361 872 colore
371 835 449 871 duo
458 848 607 885 genera
617 834 760 871 Graeci
769 833 935 878 faciunt,
947 837 1102 884 nigrum
1113 841 1154 871 et
1164 835 1385 878 candidum,

202 896 307 946 quod
337 896 853 946 praeferunt—parcissumi
884 896 1385 947 seminis—appellantque

200 957 396 1001 Siculum3
442 958 623 996 candoris
653 970 750 994 sane
780 957 1004 994 discrimine
1035 958 1311 1007 praeferentes
1342 965 1383 996 et

200 1020 412 1057 lactucam.
468 1023 590 1057 nostri
607 1020 729 1056 betae
745 1032 895 1069 genera
913 1032 1077 1056 vernum
1095 1025 1137 1057 et
1153 1020 1385 1058 autumnale

200 1081 352 1118 faciunt
391 1095 414 1117 a
452 1082 699 1131 temporibus
738 1087 864 1125 satus,
903 1094 1149 1132 quamquam
1189 1088 1232 1119 et
1272 1081 1385 1119 Iunio

202 1146 359 1187 seritur,
389 1143 629 1180 transfertur
662 1142 886 1179 autumno⁵
916 1142 1068 1192 planta.
1116 1142 1191 1180 hae
1227 1156 1385 1194 quoque

203 1211 244 1241 et
269 1205 388 1241 oblini
416 1205 507 1242 fimo
531 1205 684 1242 radices
708 1218 799 1241 suas
824 1203 1034 1254 locumque
1059 1204 1240 1242 similiter
1263 1205 1386 1243 madi-

201 1266 296 1304 dum
318 1273 468 1303 amant.
526 1280 616 1303 usus
637 1265 695 1302 his
716 1272 757 1303 et
777 1279 866 1303 cum
889 1265 986 1303 lenti
1007 1279 1052 1303 ac
1073 1266 1180 1311 faba,
1199 1267 1384 1318 idemque

201 1331 267 1378 qui
283 1327 415 1372 oleris,
431 1335 473 1365 et
487 1331 724 1378 praecipuus
740 1333 783 1364 ut
799 1327 942 1364 lenitas
959 1331 1159 1365 excitetur
1172 1331 1385 1366 acrimonia

201 1393 360 1439 sinapis.
417 1390 560 1427 medici
593 1392 864 1427 nocentiorem
898 1403 1018 1440 quam
1051 1389 1135 1427 olus
1169 1403 1255 1427 esse
1287 1391 1385 1427 iudi-

202 1464 359 1495 cavere,
376 1453 637 1501 quamobrem
658 1451 862 1501 adpositas
879 1465 956 1488 non
974 1454 1118 1488 nemini
1135 1451 1150 1474 ⁸
1170 1452 1385 1502 degustare

205 1516 328 1549 etiam
345 1514 481 1563 religio
495 1520 571 1558 est,
584 1519 629 1550 ut
645 1513 781 1550 validis
798 1516 929 1562 potius
946 1516 984 1550 in
999 1514 1087 1550 cibo
1102 1515 1194 1550 sint.
1225 1517 1385 1563 gemina

203 1577 246 1611 iis
282 1581 438 1619 natura,
469 1581 510 1612 et
540 1575 655 1612 oleris
685 1580 725 1611 et
759 1578 891 1624 capite
921 1577 1005 1625 ipso
1035 1575 1232 1612 exilientis
1263 1575 1384 1613 bulbi.

540 1669 551 1689 ¹
577 1668 684 1700 lidda
710 1667 928 1708 ablaqueata.

540 1712 553 1731 ²
575 1711 681 1743 fimo?
702 1712 876 1752 Mayhoss:
903 1711 1018 1743 humo.

539 1754 551 1773 ²
574 1755 767 1787 Rackham:
795 1754 855 1786 his.

537 1797 550 1817 ⁴
577 1798 658 1829 Edd.
677 1799 765 1838 (ipsa
785 1797 972 1838 Mayhoff):
999 1798 1083 1839 ipso.

537 1841 550 1860 ⁶
575 1841 750 1881 Blayhoff:
776 1847 893 1872 autem
911 1842 955 1872 in.

540 1883 553 1902 ⁸
583 1884 644 1915 VJ.
667 1885 815 1915 memini.

222 2043 236 2057 ⁰
259 2038 330 2069 The
346 2039 500 2070 ancients
517 2043 573 2070 ate
589 2038 669 2079 only
687 2038 746 2069 the
763 2038 874 2070 leaves
890 2038 958 2069 and
975 2043 1037 2070 not.
1054 2038 1112 2069 the
1129 2043 1205 2069 root
1221 2038 1259 2069 os
1274 2039 1361 2070 beet..

203 2100 272 2147 506
